3017 4900
9 4770 32 4871 ΡΑ*
9 4608 24 4733 ..ΑΙ-

652 177 656 182 ·
764 170 806 189 '3

579 395 590 406 ι
693 339 724 365 f
860 333 874 342 -
1001 287 1673 366 PmLocTErsss.
1761 365 1765 370 ,
2175 303 2379 376 ,223

281 471 437 526 ‘runt
462 467 1027 546 impudentissimum
1054 472 1202 530 mihi
1217 496 1234 529 ι
1283 473 1332 529 Ο
1353 479 1487 530 nate
1510 470 1769 535 Achillis,
1798 455 1978 524 cetera
1998 450 2219 544 quidem
2238 467 2401 528 licet.

287 549 399 604 tibi
420 556 658 624 patemo
682 567 892 606 sumere
904 572 927 614 ;
964 568 1245 619 armorum
1268 560 1456 608 autem
1475 551 1703 607 illorum
1722 551 1941 621 potitur
1950 544 2371 618 ῥιπτῶν-ἀίξας,
2407 540 2524 597 365

275 626 521 684 ,Loe'rtae
541 628 722 703 filius.
800 627 956 686 Tum
983 646 1116 708 ege,
1142 630 1404 705 lacrymis
1429 630 1628 686 oculos
1652 625 1920 693 suffusus,
1945 623 2099 700 illico
2120 633 2375 703 exsurgo

289 705 385 760 ira
420 707 676 779 percitus
713 708 893 783 gravi,
921 715 1097 783 atque
1134 707 1624 785 indignabundus,
1651 708 1894 779 Ergone,
1920 701 2178 781 inquam,
2206 703 2239 760 6
2252 705 2373 763 'sce‘-
2447 767 2457 774 ,

289 784 443 848 lecti,
470 802 534 840 eo
562 787 903 859 processistis
924 788 1191 849 audaciae,
1220 795 1283 843 ut
1308 788 1563 862 cuiquam
1597 803 1755 842 orma
1791 801 1912 839 mea
1952 785 2263 850 traderetis,
2291 803 2377 841 me
2408 765 2565 836 &70-

285 880 410 918 nou
431 871 648 937 ‚rogato
670 866 704 919 P
729 881 739 886 ·
765 864 857 922 Ad
883 881 1012 940 quae
1053 866 1299 941 Ulysses,
1327 868 1426 943 qui
1463 866 1616 922 forte
1657 864 1739 921 ibi
1768 862 1988 927 aderat,
2017 862 2136 924 Nae,
2163 863 2374 939 inquit,

288 941 627 1008 adolescens,
654 946 863 1018 optimo
891 944 949 1000 hi
972 941 1107 1015 jure
1131 946 1396 1002 dederunt
1433 962 1500 1000 ea
1539 944 1676 1000 mihi
1694 963 1716 1006 ,·
1758 959 1998 1014 namque
2021 958 2119 1014 ego
2142 953 2379 1015 praesens

281 1036 386 1083 ca,
413 1037 713 1095 corpusque
736 1023 914 1096 ipsum
937 1025 1165 1081 servavi.
1243 1024 1433 1100 Atque
1470 1039 1585 1098 ego
1622 1020 1803 1079 animi
1840 1021 2152 1093 impotens,
2177 1022 2377 1077 statim

287 1097 500 1173 probri
525 1099 911 1178 quodcunque
935 1109 1023 1158 est
1047 1103 1101 1159 ei
1130 1102 1363 1176 ingessi,
1390 1110 1653 1160 extrema
1689 1100 1888 1157 omnia
1925 1100 2290 1174 imprecatus,
2327 1099 2377 1155 si
2409 1091 2529 1154 875

292 1194 434 1235 mea
474 1176 573 1234 ille
613 1196 775 1236 arma
812 1181 1062 1255 eriperet
1104 1181 1267 1237 mihi.
1349 1179 1457 1240 Ille
1498 1196 1634 1236 vero
1671 1180 1754 1236 sic
1791 1177 2104 1243 lacessitus,
2145 1178 2379 1238 tametsi
2412 1236 2421 1245 ,

290 1254 440 1312 alias
464 1255 626 1314 haud
650 1267 953 1335 promptus
977 1267 1066 1316 est
1100 1258 1289 1326 irasci,
1314 1257 1633 1316 maledictis
1671 1257 1895 1322 dolens,
1921 1257 2005 1313 ita
2042 1258 2372 1332 respondit:

294 1331 434 1392 Non
459 1352 599 1402 ems,
626 1337 728 1393 ubi
748 1353 882 1399 nos,-
922 1339 1022 1394 sed
1044 1338 1238 1395 aher-as
1259 1338 1352 1393 nbi
1379 1344 1436 1396 te
1455 1353 1566 1395 non
1592 1337 1875 1412 oportebat
1904 1337 2085 1392 abesse
2101 1356 2119 1392 .-
2162 1338 2380 1412 haecque
2411 1327 2534 1382 380

286 1431 481 1478 arma,
505 1415 1231 1492 quandoquidemserociter
1266 1418 1521 1490 loqueris,
1550 1416 1759 1490 Scyron
1782 1421 2072 1490 reportans
2094 1411 2380 1489 nunquam

289 1494 605 1567 navigabis.
709 1492 819 1552 His
881 1496 1093 1551 auditis
1149 1496 1392 1570 probris,
1441 1497 1806 1571 acceptisque
1871 1490 2115 1566 injuriis,
2171 1495 2381 1571 navigo

292 1569 566 1638 domum,
611 1573 756 1631 meis
804 1574 1084 1652 spoiiatus
1125 1591 1161 1631 a
1203 1575 1471 1649 pessime,
1520 1574 1892 1650 pessimisque
1914 1583 2086 1639 -ort0,
2132 1573 2373 1650 Ulysse:

293 1666 637 1726 quanquam
676 1668 796 1708 non
834 1648 962 1724 ejus
999 1655 1221 1709 crimen
1243 1662 1369 1718 -est,
1408 1652 1512 1711 sed
1551 1653 1878 1728 principum
1920 1652 2198 1726 ipsorum.
2278 1652 2378 1716 ci,
2413 1642 2531 1697 335

293 1728 449 1785 vitas
473 1729 632 1814 enim
655 1726 942 1796 universa,
966 1732 1252 1809 simulque
1278 1740 1437 1788 totus
1476 1733 1762 1789 exercitus
1801 1730 2017 1806 pendet
2055 1750 2128 1790 ex
2165 1732 2381 1810 princi·-

293 1806 473 1883 pibus
489 1831 505 1862 ε
552 1809 652 1885 qui
680 1827 816 1866 vero
840 1810 1121 1885 flagitiose
1146 1822 1336 1886 agunt
1354 1811 1640 1875 homines,
1669 1811 1995 1886 principum
2020 1809 2383 1867 sermonibus

290 1886 498 1944 edocti
535 1886 687 1943 fiunt
724 1888 997 1963 improbi.
1076 1888 1230 1946 Rem
1271 1897 1457 1946 totam
1494 1889 1650 1947 dixi:
1696 1890 1957 1967 quivero
1981 1887 2209 1946 Atridas
2235 1889 2380 1957 odit,

296 1965 562 2041 mihique
586 1966 806 2040 pariter
827 1977 888 2024 et
913 1966 1041 2024 Diis
1065 1969 1142 2025 sit
1165 1968 1415 2025 amicus!
2414 1957 2537 2012 390

385 2043 515 2100 CH.
555 2044 860 2102 Montibus
895 2046 1176 2122 gaudens,
1216 2047 1415 2104 nutrix
1452 2047 1717 2103 omnium
1757 2044 1945 2122 Rhea,
1976 2053 2166 2104 mater
2201 2040 2381 2120 ipsius

292 2120 482 2188 Jovis,
508 2141 650 2201 quar
679 2141 959 2200 magnum
998 2125 1297 2182 Pactolum
1338 2127 1663 2182 auriferum
1701 2125 1861 2189 coliS,
1889 2130 1948 2181 te
1988 2124 2104 2181 iuic
2129 2142 2377 2202 quoque,
2452 2125 2461 2142 “

294 2202 632 2259 veneranda
648 2212 851 2266 mater,
873 2203 1195 2278 imploravi,
1210 2205 1442 2281 quando
1463 2206 1526 2261 in
1551 2205 1709 2260 bunc
1722 2201 2057 2260 Atridarum
2073 2204 2262 2260 omnis
2287 2204 2378 2260 in·
2410 2195 2532 2253 39⁵

290 2275 461 2352 juria
483 2281 693 2338 collata
703 2292 822 2349 est,
852 2282 969 2348 ubi,
996 2283 1036 2338 ὁ
1060 2283 1247 2349 beata,
1270 2283 1564 2340 tauricidis
1595 2291 1757 2339 vecta
1778 2281 2061 2348 leonibus,
2090 2299 2252 2339 arma
2275 2300 2376 2358 pa-
2412 2278 2535 2331 400

297 2366 495 2425 tema3
514 2377 810 2418 summum
826 2362 1068 2418 *honoris
1087 2362 1337 2438 insigne,
1352 2362 1644 2419 tradidere
1663 2369 1876 2437 praeter
1888 2361 1972 2418 fas
1990 2359 2217 2417 Inertis
2236 2361 2377 2436 filio.
2437 2424 2441 2427 y

383 2437 599 2503 PHIL.
639 2439 875 2498 Doloris
912 2450 1349 2518 argumentum,
1384 2449 1452 2499 ut
1477 2440 1725 2507 videtur,
1754 2438 2126 2500 manifestum
2167 2438 2383 2497 haben-

298 2524 413 2585 tes,
441 2519 559 2583 huc
597 2519 919 2596 appulistis‚
945 2521 1219 2595 hospites,
1261 2520 1521 2597 mihique
1558 2521 1917 2585 consentitiS,
1947 2518 2104 2596 quod
2122 2519 2385 2579 ,arbitra-
2416 2512 2534 2566 405

212 2605 225 2618 ’
295 2596 455 2656 mini
476 2597 736 2669 facinora
758 2600 871 2656 ista
891 2617 1014 2657 esse
1038 2598 1375 2659 Atridarum
1401 2607 1463 2657 et
1489 2599 1725 2674 Ulyssis.
1804 2597 1983 2655 Hunc
2021 2599 2181 2655 enim
2205 2600 2384 2674 probe

297 2677 448 2734 novi
482 2693 711 2752 semper
747 2687 1019 2754 paratum
1051 2678 1275 2755 quidvis
1311 2677 1441 2735 falsi
1477 2677 1691 2744 dicere,
1730 2677 2109 2754 fraudemque
2149 2694 2387 2735 omnem

298 2755 582 2829 experiri,
606 2757 764 2813 unde
791 2756 939 2814 nihil
962 2773 1084 2814 non
1109 2757 1333 2817 scelesti
1364 2758 1440 2815 sit
1478 2755 1804 2814 effecturus.
1881 2755 2102 2813 Verum
2141 2756 2289 2813 nihil
2327 2755 2388 2814 id
2419 2748 2540 2804 410

297 2840 397 2890 est
438 2835 658 2898 mirum
696 2836 881 2907 mibi3
936 2835 1037 2903 sed
1061 2876 1065 2880 -
1086 2835 1360 2903 mirabor,
1404 2837 1452 2893 si
1496 2853 1749 2912 praesens
1792 2834 1904 2892 ista
1951 2851 2193 2892 cernens
2235 2831 2390 2907 Ajax

242 2984 246 2988 ,
295 2907 499 2983 major
523 2932 720 2989 passus
743 2915 837 2972 sit.

384 2989 678 3050 NEOPT.
717 2993 859 3051 Non
884 2994 1097 3050 eratin
1119 2978 1260 3049 vivis
1284 2993 1554 3069 amplius,
1574 2990 1613 3050 ὁ
1636 2993 1870 3069 hospes:
1899 2992 2199 3070 nimquam
2226 2993 2388 3051 enim
2448 3006 2453 3011 ·
2518 3066 2523 3073 ,

297 3070 413 3131 illo
437 3072 685 3140 vivente,
711 3074 794 3130 eis
817 3072 1093 3148 spoliatus
1113 3072 1374 3130 fuissem.
1778 3110 1785 3119 x
2189 3086 2193 3091 ’
2520 3078 2529 3085 “

385 3150 607 3210 PHIL.
648 3152 805 3216 Quid
827 3152 949 3208 ais?
990 3169 1069 3208 an
1092 3158 1154 3208 et
1177 3150 1276 3208 ille
1302 3156 1554 3208 mortem
1580 3148 1767 3207 obiit?
2112 3174 2119 3179 ·
2212 3158 2220 3167 '

301 3246 310 3251 ’
382 3228 677 3291 ΝΕΟΡΤ.
718 3232 878 3288 Scito
899 3245 1038 3287 eum
1064 3246 1184 3288 non
1209 3230 1456 3305 amplius
1480 3230 1625 3287 lucis
1648 3227 1925 3303 adspectu
1946 3227 2083 3289 frui.
2172 3244 2175 3249 “
2418 3219 2538 3275 415

384 3310 601 3371 PHIL.
642 3309 746 3368 Vae
769 3309 917 3367 mihi
942 3307 1192 3368 misero!
1261 3311 1344 3367 At
1375 3326 1497 3367 non
1537 3308 1822 3383 morietur
1855 3306 2042 3382 Tydei
2077 3307 2261 3374 filius,'
2278 3327 2388 3367 nec
2488 3368 2495 3375 ,

297 3391 536 3466 Sisyphi
558 3391 751 3465 proles
775 3394 974 3466 empta
996 3387 1193 3447 Laerti
1218 3387 1237 3445 ?
1318 3385 1447 3446 Hos
1470 3384 1630 3445 enim
1656 3402 1777 3443 non
1802 3388 2040 3459 decebat
2063 3391 2271 3449 vivere.
2388 3394 2396 3431 ἓ

386 3454 680 3528 NEOP'F.
718 3469 860 3527 Non
897 3474 1071 3525 sane:
1129 3468 1239 3525 hoc
1277 3474 1440 3525 certo
1477 3468 1654 3525 scias:
1699 3466 1800 3524 sed
1839 3479 1899 3524 et
1938 3469 2190 3527 maxime
2230 3487 2386 3528 nunc
2418 3455 2541 3511 420
2558 3470 2590 3490 ⁸

298 3553 520 3612 florent
542 3549 608 3607 in
630 3548 983 3625 Argivorum
1007 3548 1283 3605 exercitu.

384 3627 601 3688 PHIL.
640 3627 800 3690 Quid
836 3628 1019 3685 vero?
1087 3627 1206 3689 Qui
1242 3641 1421 3683 senex
1458 3631 1521 3681 et
1561 3630 1830 3689 strenuus
1869 3631 2014 3691 erat,
2058 3628 2390 3704 amicusque

302 3727 496 3772 meus,
535 3707 758 3765 Nestor
791 3706 1006 3781 Pylius,
1047 3705 1303 3762 vivitne?
1347 3703 1443 3759 hic
1480 3703 1642 3760 enim
1683 3703 1839 3760 facta
1879 3721 2084 3762 eorum
2125 3705 2393 3781 improba

301 3787 665 3865 sapientibus
685 3785 939 3842 consiliis
962 3783 1235 3841 cohibere
1262 3781 1499 3841 solebat.
2198 3788 2199 3795 ’

388 3865 680 3926 ΝΕΟΡΤ.
718 3863 936 3923 Misere
976 3874 1135 3920 nunc
1174 3861 1271 3919 ille
1310 3861 1456 3937 agit,
1493 3866 1801 3938 postquam
1839 3860 2086 3936 oppetiit
2136 3856 2388 3921 mortem

303 3944 677 4010 Antilochus,
703 3942 805 4019 qui
826 3941 982 3999 solus
1005 3942 1061 3998 ei
1084 3959 1158 3999 ex
1183 3941 1317 3998 filiis
1340 3938 1559 3999 aderat.
1983 3994 1987 3998 .
2419 3924 2557 4013 425-
2586 3942 2596 3949 '

387 4022 626 4085 PHIL.⁴
656 4021 777 4089 Hei
801 4018 980 4077 mihi!
1025 4019 1120 4077 De
1143 4020 1372 4078 duobus
1395 4018 1519 4075 istis
1544 4012 1750 4074 acerba
1775 4034 2082 4085 memoras,
2108 4036 2251 4096 quos
2275 4034 2391 4095 ego

303 4103 556 4165 minime
577 4100 790 4158 vellem
813 4096 1153 4173 absumptos
1177 4098 1395 4157 audire.
1434 4094 1832 4162 Eheujeheu!
1870 4114 2125 4174 quonam
2152 4097 2390 4155 obsecro

303 4180 735 4258 respiciendum
757 4184 867 4243 est,
892 4177 1125 4254 quando
1149 4178 1215 4236 hi
1239 4175 1475 4255 quidem
1498 4175 1742 4251 periere,
1771 4172 2004 4250 Ulysses
2028 4192 2164 4232 vero
2187 4193 2419 4251 super--

305 4270 399 4321 est
423 4260 614 4333 adhuc
636 4260 702 4319 in
725 4272 799 4317 eo
821 4256 971 4326 loco,
998 4254 1101 4316 ubi
1124 4254 1430 4334 oportebat
1455 4255 1671 4337 borum
1696 4254 1819 4312 vice
1853 4255 2042 4335 ipsum
2080 4253 2195 4311 dici
2233 4271 2391 4335 mor-3
2421 4236 2547 4293 43⁰

307 4342 525 4403 tium?
579 4380 582 4385 ·
979 4360 983 4364 *
1476 4343 1479 4347 ’
2147 4340 2153 4343 ’
