3017 4900
625 239 632 246 ·
690 228 820 290 248
1508 216 1961 290 ELECTRA.

686 396 849 452 tatis.
925 391 1143 453 Nonne
1177 394 1262 451 sic
1299 396 1513 472 praeter
1549 396 1666 454 alia
1704 396 1877 462 mala,
1905 389 2233 452 timiditatis
2257 391 2437 453 etiam
2461 391 2525 452 ιιι
2544 392 2763 455 crimes

685 472 941 531 incurris
968 476 992 530 ἓ
1025 475 1282 552 alioquin
1306 474 1450 532 doce
1474 493 1591 541 me,
1617 476 1707 533 vel
1732 477 1859 549 ipsa
1882 474 2034 531 disee
2058 485 2135 532 ex
2167 491 2280 537 me,
2308 472 2587 550 quidnam
2622 474 2765 532 lueri

686 552 913 610 factura
935 553 1065 616 sim,
1092 554 1140 609 si
1166 554 1378 610 horum
1402 554 1670 612 luctuum
1695 552 1795 611 des
1797 555 1973 610 inam.
2013 552 2228 609 Nonne
2254 552 2421 610 vivo?
2464 553 2620 611 male
2645 554 2762 630 qui-

535 634 656 691 355
688 630 847 698 dem,
873 630 1033 690 haud
1058 633 1291 703 ιιεεείος
1333 632 1419 689 ita
1441 642 1660 697 tamen,
1685 643 1754 688 ut
1777 632 2024 689 sufficiat
2051 632 2215 689 mihi.
2282 631 2361 689 At
2386 631 2500 688 mis
2526 631 2768 689 molesta

687 728 841 776 sum,
867 711 954 767 ita
972 717 1044 768 ut
1067 711 1275 770 exinde
1297 713 1543 769 moi-tuo
1560 712 1709 787 patri
1737 711 2022 769 honorem
2045 710 2318 772 tribuam,
2344 710 2395 767 si
2420 727 2537 787 qua
2561 710 2766 770 horum

571 779 598 804 ⁸
687 789 846 863 apud
869 789 1085 847 inferos
1117 791 1309 883 gratia
1343 801 1450 847 εει.
1527 789 1622 847 Tu
1645 805 1804 856 vero,
1831 807 1961 867 quae
1982 788 2170 846 odisse
2194 788 2297 851 ais,
2322 789 2513 846 verbis
2537 788 2766 866 quidem

690 867 900 939 odisti3
942 875 1231 930 mutem
1255 871 1380 943 ipsa
1400 886 1538 926 cum
1563 869 1741 945 patris
1765 868 2110 926 occisoribus
2134 866 2292 926 facis.
2368 867 2449 925 At
2470 881 2590 945 ego
2621 884 2769 933 nuu—

538 946 661 1001 360
692 964 887 1024 quam,
913 964 991 1005 ne
1016 946 1251 1024 quidem
1289 949 1340 1004 si
1376 948 1525 1004 mihi
1565 948 1693 1025 quis
1730 947 1972 1023 praemia
2008 959 2113 1005 tua
2149 939 2249 1002 ina
2283 944 2538 1009 afferret,
2567 946 2768 1024 quibus

690 1042 849 1083 nunc
882 1025 1201 1093 delectaris,
1247 1026 1336 1083 his
1371 1044 1472 1083 me
1522 1025 1866 1084 subderem·
1909 1025 2020 1082 tibi
2062 1040 2199 1081 vero
2242 1024 2402 1084 lauta
2439 1033 2769 1101 apponatur

605 1143 610 1150 ·
689 1122 910 1171 mensa,
962 1105 1258 1182 victusque
1308 1104 1541 1161 abunde
1566 1105 1806 1164 affluat.
1906 1103 2224 1161 Enimvero
2270 1103 2462 1162 solum
2512 1105 2630 1162 hoc
2679 1121 2768 1166 me

687 1189 998 1251 sustentet,
1036 1184 1193 1276 quod
1228 1183 1345 1240 illis
1382 1184 1629 1241 molesta
1664 1184 1808 1254 sim3
1852 1189 1987 1242 tuos
2024 1188 2223 1242 autem
2265 1181 2518 1246 honum
2546 1197 2768 1262 nequa·

539 1261 659 1316 365
691 1280 868 1339 quam
892 1262 1167 1339 consequi
1191 1262 1383 1337 cupio.
1420 1261 1551 1319 Nec
1572 1279 1811 1338 cuperes
1834 1262 2011 1320 etiam
2037 1268 2125 1327 tu,
2138 1262 2191 1320 si
2208 1278 2354 1320 sana
2376 1278 2527 1320 esses
2551 1267 2766 1322 mente.

690 1340 876 1399 Nunc
898 1345 1097 1398 autem
1122 1357 1302 1418 quum
1323 1340 1432 1399 tibi
1454 1341 1631 1399 liceat
1652 1342 1834 1417 patris
1861 1339 2127 1401 omnium
2158 1340 2374 1415 optimi
2412 1340 2599 1402 filiam
2634 1340 2764 1406 dici,

669 1420 893 1478 matris
924 1418 1047 1477 filia
1082 1418 1336 1489 dieit0r3
1377 1420 1461 1477 ita
1483 1419 1644 1477 enim
1669 1418 2110 1497 quamplurimis
2136 1418 2414 1481 videberis
2436 1419 2617 1487 mah,
2641 1436 2768 1497 qum

517 1519 524 1526 ·
689 1504 992 1557 mortuum
1016 1505 1246 1573 patrem
1267 1506 1330 1555 ει
1353 1499 1575 1557 amicos
1594 1499 1789 1575 prodis
1814 1505 1967 1557 tuos.

537 1576 663 1638 370
770 1576 903 1634 CH.
942 1574 1038 1634 Ne
1064 1576 1202 1655 qufd
1225 1577 1578 1640 iracundius,
1601 1593 1708 1653 per
1731 1578 1891 1634 Deos
1916 1576 2193 1635 obsecro&
2236 1594 2377 1636 nam
2412 1576 2587 1636 dietis
2625 1576 2769 1634 utri·

690 1667 876 1732 usque
912 1655 1139 1716 fructus
1177 1657 1349 1752 inest,
1371 1657 1422 1712 si
1444 1665 1521 1714 tu
1538 1656 1771 1735 quidem
1809 1655 1993 1721 disens
2024 1656 2193 1717 istius
2230 1656 2321 1716 uti
2355 1663 2536 1725 recte,
2563 1663 2629 1714 et
2651 1657 2767 1718 haec

690 1751 895 1796 rursus
918 1736 1055 1794 tuis.

768 1812 1059 1873 CHRYS.
1095 1814 1342 1874 Dudum
1390 1814 1686 1908 equidem,
1725 1812 1765 1872 ὁ
1802 1774 2096 1884 mulieies,
2135 1824 2363 1875 maleta
2402 1832 2540 1874 sum
2580 1814 2767 1874 istius·
2848 1857 2849 1864 ι

688 1892 853 1952 modi
878 1890 979 1967 huj
986 1912 1053 1951 us
1077 1894 1281 1952 dictis·
1322 1901 1386 1951 et
1409 1912 1485 1952 ne
1513 1894 1904 1955 meminissem
1931 1896 2166 1973 quidem
2190 1904 2468 1973 unquam,
2495 1893 2615 1951 nisi
2650 1908 2769 1951 ma·

535 1968 659 2034 375
689 1972 919 2031 ximum
955 1974 1180 2032 malum
1217 1975 1273 2031 ei
1309 1974 1618 2033 imminere
1655 1972 1963 2041 audissem,
1989 1974 2147 2053 quod
2179 1987 2337 2032 eam
2348 1971 2646 2050 perpetuis
2682 1971 2768 2029 his

677 2052 1487 2225 reffeggelssglgffixpedi
1512 2129 1649 2209 qiud
1687 2131 1764 2189 sit
1800 2132 1912 2192 hoc
1949 2137 2073 2190 tam
2109 2148 2287 2208 grave
2323 2129 2592 2192 malum:
2635 2144 2768 2190 nam

689 2210 741 2267 εἰ
764 2210 912 2268 mihi
936 2228 1126 2283 majus
1151 2211 1290 2289 quid
1313 2212 1470 2268 hisee
1493 2210 1729 2277 dixeriS,
1756 2211 1911 2268 haud
1934 2210 2180 2286 amplius
2206 2209 2506 2287 obloquor

774 2288 1065 2348 CHRYS.
1097 2290 1282 2367 Atqui
1302 2289 1688 2383 quodeunque
1714 2288 1886 2361 hujus
1910 2290 2000 2348 rei
2022 2289 2179 2355 novi,
2204 2288 2266 2348 i'd
2289 2305 2466 2346 omne
2486 2286 2771 2350 enar-mbo

539 2361 664 2420 380
694 2366 819 2426 tibi.
898 2368 1298 2427 Decreverunt
1323 2369 1483 2426 enim
1504 2380 1591 2439 ιιι,
1612 2369 1728 2426 nisi
1750 2369 1961 2425 horum
1998 2368 2393 2427 lamentorum
2428 2366 2678 2434 desinas,
2704 2382 2774 2422 eo

692 2443 982 2525 ablegare,
1003 2446 1107 2506 ubi
1129 2464 1430 2527 nunquam
1455 2446 1703 2523 amplius
1726 2449 1862 2507 solis
1881 2444 2057 2523 jubar
2074 2446 2391 2523 adspicies:
2421 2446 2553 2505 viva
2577 2453 2773 2505 autem

691 2527 757 2585 in
783 2525 1108 2585 tenebroso
1113 2544 1291 2619 specu
1314 2528 1520 2602 procul
1541 2526 1615 2584 ab
1641 2527 1750 2583 hac
1773 2526 1917 2585 urbe
1952 2527 2212 2584 convicia
2245 2525 2472 2585 fimdes.
2552 2526 2771 2591 Quam-

692 2606 897 2669 obrem
921 2606 1155 2664 adverte
1181 2605 1478 2676 animum5
1523 2622 1633 2663 nee
1655 2622 1917 2682 unquam
1940 2606 2180 2681 posthac
2205 2605 2361 2662 malo
2384 2613 2629 2680 acoeptu
2650 2603 2771 2662 cul-

691 2700 831 2760 pam
865 2685 934 2742 ιιι
971 2702 1067 2743 me
1102 2685 1403 2744 conferas.
1446 2701 1605 2743 nune
1642 2684 1802 2777 enim
1835 2684 2091 2761 tempori
2112 2700 2321 2743 sanum
2342 2683 2663 2752 consilium
2682 2699 2771 2742 ca·

767 2781 831 2822 re
957 2782 1038 2823 es.

537 2834 661 2894 385
692 2771 1153 2911 PeELPOtIstane,
1182 2862 1394 2923 quaeso,
1421 2845 1572 2901 serio
1590 2843 1931 2905 destinant
1914 2862 1979 2902 m
2002 2863 2098 2902 me
2121 2842 2343 2902 faeere.
2329 2844 2349 2884 ³

768 2920 1061 2982 CHRYS.
1100 2924 1383 2990 Maxime,
1407 2923 1583 2980 simul
1603 2941 1674 2980 ac
1697 2924 2015 3000 AEgisthus
2029 2923 2274 2981 domum
2298 2919 2559 2981 redierit.

766 2999 893 3058 EL.
936 3001 1181 3061 Utinam
1205 3004 1314 3060 hac
1338 3002 1573 3080 quidem
1596 3004 1789 3089 gmtia
1810 3002 2010 3060 redeat
2034 3000 2232 3060 ocius!

768 3078 1059 3139 CHRYS
1100 3082 1261 3144 Quid
1285 3082 1411 3146 tibi,
1438 3080 1476 3137 ὀ
1500 3082 1730 3148 misera,
1756 3082 1913 3139 ultro
1930 3081 2304 3157 imprecaris?

706 3217 713 3225 ,
766 3157 891 3217 EL.
939 3160 1119 3219 Illum
1144 3161 1361 3227 venire,
1385 3161 1438 3217 si
1460 3160 1601 3237 quid
1625 3162 1839 3220 horum
1864 3160 2052 3219 faeere
2077 3160 2315 3237 cogitat.

539 3232 663 3291 390
769 3237 1062 3303 CHRYS.
1100 3238 1330 3316 Ecquid
1353 3238 1495 3297 mali
1520 3248 1588 3296 ut
1612 3239 1884 3314 patiaris?
1947 3240 2133 3296 Satin'
2161 3254 2304 3296 sana
2324 3238 2430 3303 es?

657 3353 666 3359 α
766 3316 893 3381 EL.
934 3317 1020 3375 Ut
1042 3336 1081 3376 a
1102 3318 1261 3376 vobis
1284 3316 1588 3395 aufugiam
1614 3332 1789 3411 quam
1813 3317 2167 3393 longissime.
2210 3347 2245 3363 ι

763 3394 1058 3461 CHRYS.
1097 3396 1249 3455 Vitae
1273 3406 1471 3455 autem
1497 3397 1796 3471 praesentis
1820 3414 1943 3461 non
1967 3396 2076 3459 tibi
2099 3396 2258 3454 subit
2279 3396 2602 3472 cogitatio?

653 3524 668 3537 .
769 3474 896 3533 EL.
936 3475 1187 3533 Pulchra
1210 3474 1425 3535 scilicet
1452 3478 1573 3534 vita
1592 3493 1726 3534 mea
1750 3483 1870 3533 εει.
1914 3476 2131 3539 mirum
2156 3476 2221 3535 ni
2244 3492 2376 3537 eam
2401 3479 2559 3537 tueri
2583 3477 2768 3537 velim.

770 3553 1061 3614 CHRYS.
1100 3555 1183 3612 At
1208 3555 1450 3631 pulchra
1472 3564 1641 3621 esset,
1662 3556 1714 3611 si
1737 3562 1805 3612 tu
1827 3562 1985 3612 recte
2008 3571 2210 3630 sapere
2235 3570 2451 3613 nosses.

538 3626 659 3684 395
767 3632 899 3690 EL.
942 3633 1037 3691 Ne
1061 3650 1158 3691 me
1182 3634 1388 3693 doceas
1411 3635 1610 3693 amicis
1634 3651 1757 3691 esse
1781 3633 2082 3709 perfidam.

769 3711 1062 3770 CHRYS.
1126 3711 1263 3791 Ego
1310 3730 1451 3771 vero
1498 3713 1562 3770 id
1611 3728 1735 3770 non
1780 3712 1997 3784 doceo,
2066 3711 2168 3770 sed
2216 3711 2659 3773 dominantibus
2704 3718 2775 3773 ut

688 3804 917 3849 morem
940 3808 1128 3868 geras.

766 3869 986 3928 1⁴:11AE
987 3889 1028 3928 ιι
1054 3866 1392 3983 hujusmodi
1426 3869 1598 3929 dictis
1632 3875 1967 3930 assentare-
2005 3887 2209 3930 meum
2246 3868 2407 3930 haud
2443 3887 2648 3939 narras
2683 3873 2771 3933 ιιι-

688 3949 1058 4166 ΕΞΞΞἘῩΒ.
1095 4029 1275 4108 Atqui
1313 3978 1627 4106 pulchrum
1663 4037 1754 4086 est
1790 4034 2009 4096 tamen,
2035 4046 2158 4087 non
2184 4028 2390 4088 cadere
2429 4047 2567 4106 prae
2592 3994 2770 4090 teme-

686 4124 738 4167 n
828 4126 877 4165 e.

764 4186 891 4244 EL.
932 4156 1241 4253 CademuS,
1267 4186 1318 4244 si
1341 4187 1422 4245 sic
1446 4192 1700 4262 oportet,
1725 4193 1954 4262 patrem
1977 4185 2349 4247 vindicantes.

766 4264 1056 4337 CHRYS.
1095 4266 1174 4328 At
1197 4267 1434 4337 horum,
1457 4274 1565 4325 sat
1572 4266 1711 4353 scio,
1740 4272 1905 4342 pater
1928 4267 2051 4359 ipse
2076 4266 2243 4340 nobis
2267 4265 2368 4326 dat
2390 4282 2640 4344 νειιιᾳιιι,
2728 4299 2771 4345 3
