3017 4900
2637 248 2662 280 Q

658 301 810 392 τες
939 405 945 414 ³
1215 268 1602 369 campus
1649 259 2190 368 coLONEt'Js'L'

654 493 739 541 nu
807 480 910 547 ias,
950 477 1421 556 calamitatesque
1465 493 1568 535 ore
1609 476 1892 554 exprobas
1935 461 2205 556 improbo
2207 460 2228 543 ‚‘'
2266 465 2405 554 quas
2438 490 2554 556 ego
2580 472 2786 548 miset,

504 568 623 629 965
655 568 721 618 tu
793 557 1043 618 invitus:
1089 556 1218 615 Diis
1260 558 1422 615 enim
1463 558 1550 614 ita
1574 558 1761 614 visum
1789 565 1895 623 est,
1924 555 2083 613 iratis
2117 555 2271 623 forte
2313 557 2520 631 generi
2553 564 2786 624 nostr-03

655 646 912 698 veterem
939 637 1014 695 ob
1036 636 1297 715 aliquam
1322 636 1576 713 culpam.
1654 627 1758 693 Me
1785 619 1958 693 'enim
2000 636 2189 711 ipsum
2234 634 2397 700 haud
2435 631 2784 714 quidquam,

657 715 798 776 mali
823 718 1234 778 commeruisse
1272 733 1506 802 arguas,
1553 733 1670 793 qua
1693 716 1885 791 gratia
1909 716 2033 772 haec
2060 715 2124 780 in
2149 733 2243 794 me
2270 715 2545 792 meosque
2571 712 2771 770 admi-

506 807 628 872 970
655 799 835 856 serim
861 795 1099 873 flagitia.
1134 810 1139 814 ·
1179 795 1338 853 Nam
1383 795 1528 870 doce
1575 812 1692 862 me,
1737 794 1922 862 sodes,
1958 794 2008 850 si
2054 813 2173 871 quo
2219 794 2438 851 oraculi
2481 795 2696 867 respon
2767 853 2776 862 ,

526 885 541 908 ‘
656 873 1003 952 praedictum
1026 874 1144 932 fuit
1167 874 1339 950 patri,
1369 881 1746 949 peremptum
1770 873 1941 930 illum
1977 873 2048 930 iri
2073 892 2110 930 a
2135 871 2278 940 filio,
2308 890 2426 950 quo
2444 867 2582 946 jure
2603 869 2771 938 ‚mih'i
2877 871 2886 892 ³

656 956 770 1012 hoc
800 951 1132 1030 exprobres,
1181 954 1281 1030 qui
1314 953 1424 1009 ned
1455 969 1491 1010 a
1532 959 1698 1027 patre
1740 958 1881 1008 tunc
1924 963 2099 1015 satus,
2143 970 2250 1009 nec
2277 957 2314 1009 a
2336 957 2525 1009 matre
2552 953 2782 1032 conce-u

656 1042 811 1110 ptus,
856 1032 1107 1092 necdum
1145 1033 1457 1109 generatus
1501 1047 1680 1088 eram.
1764 1031 1827 1087 Si
1863 1048 2003 1087 vero
2037 1037 2207 1087 natus
2254 1030 2479 1097 infelix,
2527 1029 2791 1108 ‚utsego⁸

506 1121 625 1187 975
659 1117 830 1170 natus
856 1129 1007 1178 sum,
1034 1129 1172 1168 cum
1188 1117 1378 1185 *patre
1404 1110 1671 1168 conserui
1707 1127 1934 1175 manua
1965 1127 2213 1186 eumque
2240 1110 2439 1176 occidi,
2467 1126 2577 1166 nec
2602 1104 2776 1185 quod

656 1189 880 1249 facinus
904 1186 1300 1254 admitterem,
1328 1205 1437 1245 nec
1474 1190 1539 1245 in
1566 1206 1760 1267 quem,
1786 1190 1971 1246 sciens
1987 1213 2006 1259 3
2053 1190 2155 1265 qui
2183 1189 2330 1245 mihi
2355 1188 2513 1265 quod
2539 1188 2793 1268 imprum,

657 1271 804 1329 dens
830 1269 1230 1332 necconsulto
1256 1266 1371 1323 feci
1388 1263 1549 1339 juste
1586 1277 1773 1324 vertas
1807 1268 2078 1325 crimini?
2122 1266 2352 1344 Ecquid
2378 1285 2513 1324 vero
2539 1271 2665 1324 n'on
2707 1269 2788 1322 te‘

657 1349 860 1426 pudet,
893 1347 1153 1426 perdite,
1199 1347 1402 1404 matris
1452 1365 1620 1409 meae,
1670 1363 1800 1423 quae
1846 1355 1952 1404 tua
1997 1347 2179 1404 fuerit
2216 1364 2401 1414 soror,
2429 1345 2502 1406 de
2534 1346 2766 1420 nuptiis

505 1419 871 1514 980³cogere
907 1445 1003 1488 me
1037 1426 1238 1503 loqui?
1285 1443 1412 1503 quae
1458 1425 1654 1503 quales
1698 1426 1940 1493 fuerint,
1987 1444 2126 1483 mox
2172 1425 2400 1488 dicam:
2447 1442 2573 1482 rem
2599 1424 2774 1481 enim

655 1509 893 1584 silentio
936 1522 1060 1562 non
1083 1505 1370 1580 premam,
1400 1522 1581 1581 quum
1621 1511 1689 1561 tu
1714 1505 1963 1581 impium
1987 1506 2146 1561 hunc
2169 1523 2499 1562 sermonem
2525 1521 2788 1566 exorsus,
2813 1530 2827 1548 ·

656 1587 752 1644 sis,
830 1585 1067 1660 Peperit
1101 1585 1275 1640 enim·
1304 1601 1419 1650 me,
1463 1585 1691 1659 peperit
1735 1585 1876 1658 (heu
1904 1590 2190 1660 quantum
2227 1589 2319 1641 est
2341 1583 2548 1654 malil)
2592 1583 2774 1660 igna-

628 1671 794 1736 rum
823 1666 1062 1744 ignara:
1108 1671 1410 1739 materque
1446 1662 1652 1719 eadem
1691 1681 1823 1720 mea
1861 1663 2070 1738 deinde
2105 1663 2337 1728 liberOS,
2364 1655 2790 1738 suimetipsius·

500 1739 639 1822 985‘
658 1741 961 1820 probrum,
987 1743 1216 1817 peperit
1256 1742 1420 1799 mihi.
1503 1739 1730 1798 Verum
1751 1759 1938 1798 unum
1962 1742 2171 1799 saltem
2203 1742 2316 1812 hoc
2342 1743 2487 1799 mibi
2513 1749 2773 1808 constat,

659 1829 719 1879 t'e
748 1815 982 1900 quidem
1006 1822 1167 1879 ultro
1192 1835 1404 1896 meque
1430 1828 1490 1877 et
1517 1821 1681 1877 illam
1706 1821 1797 1877 his
1822 1838 2035 1897 urgere
2072 1817 2378 1878 conviciis:
2424 1821 2536 1897 ego‘
2561 1821 2790 1888 auteur·

659 1893 791 1958 eam
832 1899 1047 1970 invitus
1087 1901 1269 1967 duxi,
1297 1900 1627 1975 invitusque
1675 1899 1801 1956 haec
1843 1901 2069 1976 loquor.
2151 1901 2266 1957 Sed
2312 1918 2386 1957 ne
2422 1899 2658 1976 quidem
2687 1898 2775 1956 ob

659 1981 764 2040 has
792 1981 1025 2055 nuptias
1051 1977 1236 2038 malus
1261 1978 1633 2054 perhibebor,
1657 1996 1845 2055 neque
1870 1978 1945 2035 ob
1969 1998 2123 2046 eam,
2142 1998 2318 2056 quam
2339 1980 2484 2036 mihi
2502 1974 2790 2050 objectas,
2817 2029 2831 2041 ,

508 2075 631 2131 990
661 2073 865 2138 usque,
892 2059 1112 2117 caedem
1154 2067 1476 2135 paternam,
1505 2058 1711 2116 acerbe
1738 2059 2111 2134 exprobranS.
2197 2059 2400 2116 Unum
2427 2059 2588 2116 enim
2613 2057 2788 2126 mihi

514 2135 518 2139 ’
588 2133 592 2148 ’
659 2139 946 2215 responde
990 2138 1181 2195 solum
1227 2136 1383 2215 quod
1425 2144 1484 2193 te
1533 2139 1854 2214 interroga
1934 2138 1995 2195 Si
2042 2139 2168 2215 quis
2206 2145 2287 2203 te,
2308 2134 2538 2209 justum
2572 2133 2788 2208 illurn,

658 2217 857 2277 subito
880 2217 985 2275 hie
1002 2217 1279 2283 invadens
1306 2218 1594 2293 perimere
1618 2223 2341 2293 conaretur,'quaereresne
2367 2223 2569 2274 utrum
2593 2213 2774 2292 patei·

509 2293 628 2368 995
660 2299 709 2356 is
736 2305 904 2364 esset,
933 2297 1034 2375 qui
1060 2303 1122 2352 te
1168 2295 1342 2352 vellet
1386 2296 1669 2362 occidere,
1695 2313 1772 2351 an
1797 2307 1934 2352 vero
1959 2298 2155 2353 statim
2183 2293 2577 2354 ulciscereris?
2621 2297 2788 2372 sane]

655 2378 950 2453 citissime,
977 2376 1026 2431 si
1066 2373 1303 2452 quidem
1340 2375 1522 2431 vitam
1561 2393 1740 2439 amas,
1778 2375 2111 2450 improbum
2154 2375 2527 2439 ulciscereris,
2570 2391 2790 2452 neque,

703 2457 805 2515 uid
823 2452 1053 2529 justum
1079 2453 1508 2521 considerares,
1569 2454 1738 2510 Talia
1762 2455 1997 2530 quidem
2033 2461 2095 2511 et
2132 2456 2256 2530 ipse
2293 2455 2473 2513 incidi
2499 2455 2562 2512 in
2588 2454 2785 2522 mala,

660 2475 804 2594 (Illeis
829 2533 1206 2602 ducentibus3
1255 2532 1459 2609 quibus
1486 2550 1563 2590 ne
1588 2533 1848 2591 animam
1875 2532 2110 2611 quidem
2147 2534 2350 2609 patris,
2373 2538 2421 2591 si
2445 2534 2786 2617 revivismt„

2775 771 2788 792 ἡ

380 2632 389 2641 ‘
470 2628 630 2685 1000
661 2613 956 2673 contraria
993 2611 1283 2668 dicturam
1322 2629 1446 2668 esse
1485 2613 1712 2688 opinor.
1794 2613 1874 2670 At
1914 2620 2001 2682 tu,
2044 2612 2204 2670 haud
2243 2614 2401 2670 enim
2437 2612 2652 2688 probus
2677 2631 2770 2678 ea,

660 2693 764 2751 sed
789 2692 990 2750 omnia
1032 2689 1194 2746 dictu
1228 2690 1473 2748 honesta
1513 2694 1749 2766 putans,
1794 2689 1972 2750 fanda
2015 2691 2390 2785 infandaque,
2436 2692 2576 2748 talia
2615 2691 2786 2763 mihi,

658 2786 865 2829 coram·
882 2771 974 2828 his
997 2769 1308 2845 exprobras
1326 2794 1342 2827 ε
1371 2777 1433 2827 et
1455 2769 1566 2828 tibi
1583 2770 1798 2828 Thesei
1823 2789 2041 2833 nomen
2066 2769 2293 2829 adulari
2308 2771 2585 2828 decorum
2599 2766 2772 2830 vide-
2827 2820 2832 2827 .

659 2858 778 2918 tur,
803 2851 1286 2926 Athenarumque
1329 2849 1561 2922 urbem,
1604 2856 1675 2906 ut
1723 2867 1851 2931 quae
1886 2851 2173 2926 praeclaris
2206 2850 2505 2908 habitetur
2539 2849 2771 2909 ineolis·

466 2943 626 3001 1005
660 2926 789 2986 Nec
815 2937 1035 2995 tamen,
1064 2942 1248 3006 quum
1272 2928 1354 2985 sic
1380 2929 1569 2986 multa
1600 2926 1819 2999 laudas»,
1848 2929 1958 3001 hoc
1983 2930 2323 2996 meministi,
2349 2924 2558 2987 urbem
2584 2930 2788 2999 hanc„

659 3009 710 3065 si
752 3024 868 3087 qua
909 3008 1024 3067 a'lia
1062 3009 1201 3064 deos
1235 3007 1399 3065 novit
1441 3009 1764 3069 honoribus
1789 3009 2020 3076 colere,
2055 3009 2341 3084 religione
2368 3026 2570 3066 omnes
2595 3012 2790 3085 ante-2

659 3088 908 3158 cellere3
950 3085 1111 3146 unde
1153 3094 1222 3144 tu
1266 3087 1594 3165 supplicem.
1627 3106 1724 3148 me
1766 3106 2079 3164 senemque
2119 3088 2281 3145 furto
2305 3090 2532 3157 conaris
2569 3087 2774 3164 ipsum

473 3177 647 3237 1010‘
660 3167 947 3225 abducere
986 3166 1302 3241 captivum,
1327 3168 1623 3246 raptisque
1664 3167 1891 3229 filiabus
1930 3168 2075 3226 meis
2115 3162 2413 3245 aufugere.
2492 3154 2788 3230 Quorum'

632 3291 637 3296 -
659 3263 774 3325 ego
798 3246 1173 3325 nunc‘gratia
1197 3245 1367 3304 hasce
1402 3245 1560 3304 Deas
1594 3247 1867 3304 invocans
1904 3264 2072 3324 rogo,
2101 3254 2163 3307 et
2188 3248 2453 3323 precibus
2477 3246 2769 3323 supplice,

657 3333 729 3384 ut
734 3325 947 3462 ¹adsint
972 3324 1122 3384 mihi
1154 3325 1405 3395 auxilio,
1424 3342 1544 3405 quo
1567 3326 1751 3387 discas
1775 3325 2038 3406 qualibus
2062 3344 2099 3384 a
2121 3327 2258 3385 viris
2285 3327 2408 3393 haec
2431 3325 2788 3389 custoditur-

659 3422 735 3471 Ψ
773 3423 818 3462 S·
1310 3466 1316 3471 .
2111 3468 2122 3475 ,
2281 3466 2284 3473 ,
2775 3458 2786 3465 .

399 3514 411 3525 ·
460 3489 658 3565 ,ιοιᾰί
691 3471 707 3487 ’
738 3484 872 3543 CH.
910 3482 1117 3543 Bonus
1143 3489 1232 3543 est
1250 3484 1347 3543 hic
1369 3483 1601 3560 hospes,
1628 3481 1666 3542 ὁ
1689 3500 1829 3558 rex,
1867 3482 1970 3544 sed
1991 3482 2239 3544 exitialis
2261 3486 2478 3563 premit
2500 3503 2641 3551 eum
2664 3501 2780 3545 ca·-

657 3561 911 3632 lamnas,
940 3582 1070 3639 quae
1096 3564 1325 3622 vindice
1349 3564 1531 3641 digna
1555 3568 1660 3622 est.
1857 3630 1860 3635 ,
2397 3622 2404 3631 ,

735 3641 871 3702 ΤΗ.
908 3642 1242 3703 Verborum
1291 3644 1429 3700 satis
1474 3649 1595 3700 est:
1640 3659 1783 3701 nam
1830 3643 1920 3702 illi
1969 3644 2207 3723 quidem
2246 3650 2510 3721 raptores
2550 3662 2788 3723 μορε-ι,

577 3720 590 3734 ’
658 3728 796 3779 rant
812 3745 828 3778 a
872 3739 980 3780 nos
1005 3742 1161 3791 vero,
1190 3723 1293 3800 qui
1316 3718 1535 3793 injuria
1557 3720 1748 3779 affecti
1772 3740 1994 3791 sumum
2019 3723 2120 3781 hic
2143 3732 2379 3783 stamus,

740 3800 868 3857 CR.
912 3802 1090 3872 Quid,
1119 3819 1335 3881 quaese,
1363 3801 1653 3858 imbecillo
1678 3801 1931 3870 homini,
1952 3810 2025 3862 ut
2047 3802 2244 3871 faciat,
2269 3804 2557 3881 imperas?
2602 3798 2614 3807 ’

472 3886 632 3949 10ῑο
737 3878 875 3938 ΤΗ.
916 3876 1190 3946 Utinam
1220 3880 1565 3957 ingrediaris
1599 3880 1773 3948 viam,
1801 3899 2013 3961 meque
2039 3900 2112 3940 eo
2137 3882 2384 3951 deducas
2406 3906 2422 3938 ι
2463 3890 2553 3949 ut,
2579 3879 2772 3942 sicubi

660 3957 728 4017 in
749 3959 841 4018 his
856 3959 1009 4018 'locis
1031 3963 1305 4040 virgineS,
1332 3967 1561 4017 nostras
1586 3961 1861 4036 hospitas,
1888 3962 2133 4030 detines,
2159 3961 2283 4038 ipse
2305 3956 2455 4020 inihi
2477 3979 2572 4019 eas
2594 3957 2765 4027 eibi.-

661 4037 798 4097 beas
816 4063 832 4094 =
876 4040 1089 4099 sivero
1114 4022 1474 4115 adfflgerunt
1498 4048 1782 4115 raptoreS,
1810 4057 1934 4098 non
1957 4049 2045 4101 est
2071 4040 2229 4120 quod
2254 4041 2617 4100 laboremus:
2662 4040 2786 4100 alii.

539 4144 563 4168 υ
660 4119 822 4176 enim
860 4126 1018 4187 sunt,
1045 4117 1148 4196 qui
1176 4124 1457 4176 contento
1496 4135 1674 4176 cursu
1709 4136 1809 4176 eos
1853 4123 2304 4198 persequuntur,
2340 4138 2482 4197 quos
2508 4119 2664 4198 quod
2687 4134 2784 4179 exv

469 4205 639 4285 1922
659 4194 770 4255 hac
809 4205 969 4255 terra
1010 4197 1349 4276 effugerint,¹
1392 4214 1696 4275 nunquam
1737 4184 1827 4255 illi
1870 4199 2000 4265 Diis
2045 4207 2182 4259 vota
2223 4198 2567 4284 persolyent.
2649 4177 2784 4255 Sed'
2807 4204 2812 4209 '

566 4290 576 4299 “
658 4276 806 4352 praei
826 4299 842 4332 ε
885 4290 1135 4355 agnosce
1161 4292 1316 4344 vero,
1343 4284 1415 4335 ut
1436 4286 1643 4345 tenens
1681 4279 1914 4351 ‘teneris-
1944 4280 2089 4356 ipse,
2131 4286 2313 4356 utque
2349 4286 2666 4360 venantem
2703 4286 2784 4363 te,

658 4345 817 4436 oepit
856 4353 1130 4422 fortuna:
1191 4352 1330 4440 dolo
1372 4354 1535 4425 enim
1579 4358 1737 4436 malo
1782 4360 2023 4438 quaesita
2062 4354 2292 4430 stabilia
2340 4372 2463 4422 non
2502 4352 2770 4431 manent,
