3017 4900
1233 275 1514 362 AsAx.
2148 343 2157 348 -
2299 289 2422 367 2'11

316 459 424 516 ποῖ
447 475 744 522 annorum
780 477 1062 524 numerus
1087 464 1347 525 infinitas
1385 465 1678 548 perpetim
1722 465 1870 526 mihi
1894 465 2236 527 bellicorum
2261 469 2421 527 labo-

310 545 453 595 rum
479 542 772 606 miserias
814 541 1113 608 inducens,
1161 540 1405 616 Trojam
1457 545 1535 603 ad
1576 547 1767 610 istam,
1810 563 1939 624 quse
1993 563 2101 604 nos
2145 547 2419 614 absumit,
2460 553 2625 622 1190,

310 612 615 700 Achivum
657 620 864 682 infelix
905 619 1198 680 dedecus?
1279 622 1340 680 O
1379 623 1607 681 utinam
1665 624 1829 699 prius
1870 626 2142 682 immensi
2186 627 2421 683 aetheris
2540 657 2549 668 ·

312 693 650 755 evanuisset
692 699 759 755 in
811 716 1004 767 auras,
1050 711 1501 759 communemve
1552 701 1824 759 omnibus
1861 702 2128 759 subiisset
2170 703 2416 768 Orcum,

314 773 580 890 Quis
606 776 864 836 tristium
902 779 1247 840 monstravit
1289 779 1507 837 Graecis
1545 781 1823 840 mutuum
1859 797 2163 838 armorum
2203 781 2411 851 usum!

271 890 304 898 -
465 893 479 908 .
523 852 751 912 labores
780 854 1078 916 laboribus
1115 856 1579 917 succrescentes!
1624 858 1722 915 ille
1749 857 1909 915 enim
1952 858 2263 917 hominum
2289 879 2416 937 pes-
2455 866 2609 923 1195

305 929 453 988 oum
483 929 644 998 dedit
666 929 875 1011 genus).
939 933 1045 992 Ille
1074 953 1262 1018 neque
1302 935 1678 1002 corollarum,
1704 953 1895 1013 neque
1937 938 2236 1012 capacium
2278 940 2415 996 cali-

304 1023 456 1064 cum
496 1007 658 1068 dedit
689 1011 842 1072 mihi
861 1013 1184 1089 ‚voluptate
1221 1014 1360 1080 frui,
1387 1031 1579 1091 neque
1622 1013 1781 1071 dulci
1807 1014 2084 1072 tibiarum
2127 1033 2294 1083 sono,
2320 1017 2413 1073 in·-
2452 1021 2609 1076 1‘200

305 1083 483 1154 felix,
510 1104 619 1156 nec
645 1087 871 1147 blandis
895 1091 1192 1149 amoribus
1215 1089 1430 1149 ducere
1455 1091 1691 1154 noctes}
1736 1092 1880 1170 quin
1904 1092 2138 1160 sustulit
2162 1109 2410 1163 amores,
2452 1085 2635 1154 12057

308 1161 511 1222 eheu!
556 1164 734 1224 Jaceo
778 1173 979 1227 autem
1013 1170 1098 1227 ita
1142 1170 1466 1247 neglectus,
1506 1169 1724 1227 crebris
1764 1169 1994 1228 roribus
2036 1187 2267 1247 semper
2287 1189 2412 1231 ma-

306 1239 462 1298 dens
509 1261 724 1312 comas,
752 1246 1020 1305 infaustae
1065 1254 1455 1308 monumenta
1496 1244 1716 1320 Trojae.
1797 1249 1994 1307 Antea
2037 1249 2270 1326 quidem
2310 1251 2410 1308 ad-
2449 1256 2611 1311 1210

304 1334 514 1378 versus
564 1331 882 1382 nocturnos
946 1333 1198 1384 terrores
1244 1332 1305 1383 et
1354 1325 1570 1384 infesta
1624 1324 1742 1384 tela
1789 1327 2226 1385 munimentum
2285 1338 2415 1387 erat

303 1397 466 1456 mihi
488 1406 767 1462 strenuus
791 1399 947 1475 Ajax
964 1426 983 1460 ι
1031 1422 1192 1462 nunc
1230 1421 1369 1460 vero
1392 1404 1515 1488 ipse
1541 1403 1789 1461 traditus
1815 1413 1901 1461 est
1928 1405 2113 1462 inviso
2137 1404 2407 1465 daemoni.
2448 1412 2601 1467 1215

301 1475 466 1537 Quae
490 1480 657 1546 mihi,
684 1498 954 1560 quaenam
978 1484 1236 1558 posthaec
1263 1480 1531 1559 voluptas
1542 1482 1666 1539 erit
1684 1482 1711 1538 ³
1762 1482 2010 1541 Utinam
2054 1491 2260 1551 essem,
2304 1483 2431 1544 uhi·

295 1553 590 1614 ailvoeum
616 1558 887 1617 imminet
910 1568 1097 1635 ponto
1162 1559 1993 1626 romontorium‚undisonum
2030 1559 2264 1620 s'umtno
2298 1564 2410 1622 sub
2447 1567 2604 1623 1220

297 1640 548 1709 aequore
573 1631 763 1702 Sunii,
789 1655 978 1706 sacras
999 1647 1071 1696 ut
1167 1639 1420 1717 ‘oquerer
1442 1636 1742 1697 Athenas!

383 1709 629 1772 TEUC.
668 1714 988 1774 Enimvero
1014 1716 1340 1792 properavi,
1379 1717 1746 1794 conspicatus
1775 1714 1987 1774 ducem
2012 1716 2407 1794 Agamemno-

301 1805 455 1849 nem
477 1791 552 1849 ad
578 1810 685 1849 nos
711 1793 827 1852 huc
851 1795 970 1852 cito
990 1795 1330 1852 tendentem
1354 1794 1582 1872 gradu:
1625 1795 1825 1853 statim
1863 1796 1990 1871 ipsa
2029 1796 2228 1855 fronte
2253 1800 2406 1858 indi·
2447 1797 2600 1857 1225

302 1876 432 1935 cat,
457 1887 521 1926 se
547 1871 696 1928 mihi
719 1873 953 1930 sinistra
977 1871 1244 1951 quaedam
1270 1870 1567 1931 dicturum
1592 1889 1734 1930 esse.

388 1945 645 2007 AGAM.
685 1947 850 2008 Tene
876 1951 1083 2008 acerba
1106 1951 1264 2008 dicta
1283 1947 1634 2012 renuntiant
1656 1951 1806 2008 mihi
1832 1949 2047 2009 audere
2073 1960 2278 2011 contra
2298 1972 2406 2012 nos

300 2022 394 2082 im
438 2042 557 2082 une
582 2023 729 2085 adeo
753 2027 1151 2104 profundere?
1195 2035 1257 2085 te
1283 2027 1520 2106 quidem
1545 2023 1677 2085 dico
1700 2036 1891 2087 matre
1917 2031 2142 2105 captiva
2182 2041 2403 2092 natum.
2560 2063 2573 2074 ·

296 2102 400 2160 Sc·
430 2103 544 2163 ‘'cet
577 2103 865 2183 generosa
900 2108 951 2163 si
990 2114 1051 2165 te
1086 2107 1406 2183 peperisset
1437 2111 1649 2173 mater,
1688 2107 2000 2183 magnifice
2034 2115 2094 2164 te
2129 2106 2401 2180 jactares,
2444 2114 2600 2170 1930

295 2184 669 2277 summisque
709 2183 975 2264 digitulis
1003 2183 1335 2252 incederes,
1380 2183 1855 2262 quandoquidem
1891 2185 2070 2244 bomo
2096 2187 2264 2244 nihili
2298 2206 2405 2263 pro

299 2275 402 2340 co,
425 2262 701 2338 quimhil
724 2272 814 2320 aet
851 2262 999 2334 adeo
1043 2262 1379 2340 depugnas:
1423 2269 1486 2320 et
1510 2280 1703 2340 neque
1731 2263 2041 2330 exercituS,
2070 2280 2258 2341 neque
2300 2284 2407 2324 na·-

300 2339 474 2400 vium
500 2339 676 2398 duces
720 2339 944 2399 venisse
985 2357 1094 2399 nos
1134 2341 1514 2408 Achivorum,
1557 2358 1749 2418 neque
1793 2341 1903 2407 tui,
1944 2337 2255 2413 dejerasti;
2303 2344 2431 2401 sed‘

295 2417 404 2478 sifi
425 2417 549 2495 ipse
586 2414 756 2493 juris,
785 2427 855 2478 ut
892 2415 995 2488 ais,
1024 2415 1175 2494 Ajax
1210 2419 1556 2498 enavigavit.
1632 2418 1853 2495 Nonne
1879 2419 2004 2477 haec
2043 2438 2079 2477 a
2102 2422 2277 2479 servis
2300 2441 2404 2481 au·
2448 2424 2603 2488 1235

292 2490 435 2561 dii-‘e
451 2496 663 2576 ingens
692 2496 782 2575 esst
805 2499 1100 2561 dedecus?
1154 2494 1358 2562 Qualis
1402 2502 1603 2557 autem
1624 2498 1737 2555 viri
1760 2499 1955 2576 gratia
1990 2497 2137 2559 adeo
2160 2502 2407 2577 superba

300 2574 659 2639 vociferatus
686 2581 790 2638 es?
835 2574 973 2640 Quo
1012 2574 1351 2655 progressus
1377 2570 1494 2642 ine,
1509 2634 1517 2640 ,
1531 2575 1624 2634 vel
1660 2575 1765 2634 ubi
1800 2577 1985 2644 stetit,
2025 2596 2146 2654 quo
2185 2596 2307 2637 non
2345 2588 2409 2637 et

294 2656 422 2737 ego
450 2657 472 2712 ?
515 2652 761 2717 Nulliile
791 2673 936 2733 ergo
960 2654 1195 2714 Achivis
1220 2660 1359 2713 sunt
1384 2652 1516 2722 viri,
1549 2658 1767 2731 praeter
1786 2655 1946 2714 hunc
1976 2656 1994 2712 ἓ
2038 2656 2408 2733 lnauspicato

292 2740 465 2803 sane,
506 2742 578 2792 ut
614 2735 899 2802 videmur,
925 2735 998 2792 de
1024 2734 1297 2793 Achilleis
1321 2733 1502 2791 armis
1536 2740 1838 2791 certamen
1863 2735 2271 2810 proposuimus
2297 2732 2406 2794 Ar·
2449 2723 2625 2802 1246
2716 2798 2721 2801 ,
2814 2704 2825 2709 Ω

292 2802 475 2889 givis,
501 2815 552 2870 si
577 2808 788 2873 nullibi
807 2828 928 2872 non
946 2810 1372 2871 declarabimur
1395 2829 1433 2869 a
1453 2810 1691 2871 Teucro
1714 2811 1990 2887 improbi,
2011 2828 2121 2869 nec
2145 2828 2407 2891 unquam

291 2883 544 2950 libuerit
567 2893 750 2961 vobis,
777 2910 856 2951 ne
881 2891 1046 2948 victis
1072 2890 1330 2969 quidem,
1356 2888 1584 2955 cedere,
1608 2889 2117 2968 plurimorumque
2136 2887 2408 2963 judicum

293 2972 612 3030 sententiae
637 2973 1048 3049 ·acquiescere;
1093 2968 1196 3027 sed
1235 2984 1466 3044 semper
1509 2984 1618 3024 nos
1662 2968 1756 3024 vel
1777 2969 2049 3025 conviciis
2088 2969 2404 3061 impetetiS,

294 3050 397 3106 vel
421 3048 740 3125 latentibus
767 3050 1044 3129 pungetis
1067 3048 1234 3111 dolis,
1257 3046 1394 3124 quia
1419 3042 1707 3103 cecidistis
1733 3062 1927 3128 causa.
2007 3040 2119 3103 His
2145 3050 2407 3123 profecto
2448 3056 2602 3115 1245

293 3120 568 3189 moribus
597 3128 761 3186 nulla
783 3144 1047 3204 unquam
1073 3126 1171 3184 lex
1195 3132 1461 3185 constare
1501 3123 1741 3199 poterit,
1767 3124 1842 3189 si,
1869 3123 1970 3202 qui
1987 3119 2213 3196 jndicio
2237 3140 2407 3202 supe·

295 3208 489 3267 riores
513 3206 782 3279 fuerunt,
804 3206 1010 3265 cedere
1182 3212 1345 3272 ntur,
1372 3210 1435 3259 et
1459 3202 1567 3281 qui
1596 3201 1736 3259 victi
1773 3209 1934 3269 sunt,
1962 3203 2193 3279 potiore
2228 3204 2431 3265 habe-·
2536 3230 2551 3241 ³

211 3288 228 3293 “
295 3282 536 3343 bunt‘ur
554 3284 706 3342 loco.
785 3283 900 3341 Sed
928 3282 1097 3360 prohi
1171 3281 1287 3339 nda
1310 3280 1435 3339 haec
1460 3287 1617 3339 sunt.
1696 3276 1838 3339 Non
1882 3282 2042 3340 enim
2067 3291 2227 3341 vasta
2248 3285 2407 3342 mole
2447 3293 2605 3349 1250

296 3364 569 3441 eorporis
606 3363 854 3438 latisque
892 3362 1152 3420 humeris
1176 3361 1287 3419 viri
1326 3366 1464 3419 sunt
1504 3358 1819 3428 tutissimi3
1860 3359 1961 3416 sed
1988 3361 2090 3436 qui
2129 3370 2290 3419 recta
2316 3380 2407 3419 sa-

295 3430 498 3520 piunt,
526 3430 774 3499 vincunt
809 3440 1045 3519 ubique.
1124 3437 1284 3497 Nam
1324 3444 1387 3495 et
1423 3453 1697 3513 magnus,
1715 3437 1899 3496 latera
1936 3438 2041 3494 bos
2079 3439 2153 3497 ab
2176 3441 2407 3515 ¹exiguo

295 3530 508 3578 tamen
699 3519 784 3577 llo
826 3528 1051 3576 rectam
1094 3517 1160 3574 in
1202 3517 1357 3574 viam
1396 3515 1750 3591 propellitur
1771 3538 1787 3570 ι
1834 3516 2055 3593 tibique
2093 3516 2406 3581 adventare
2446 3529 2599 3583 1255

296 3599 418 3658 hoc
440 3586 565 3656 rexin
645 3598 767 3654 'um
794 3596 966 3654 video
1002 3596 1291 3675 protinus,
1319 3593 1432 3651 nisi
1469 3593 1548 3651 ad
1586 3610 1789 3650 sanam
1827 3593 2065 3651 redieris
2104 3604 2403 3655 mentem:

335 3676 407 3735 ui
428 3676 686 3737 hominis
708 3691 883 3734 causa
907 3673 1082 3732 haud
1120 3688 1232 3733 am
1257 3673 1373 3732 lius
1397 3671 1663 3739 viventis,
1696 3667 1939 3748 jamque
1978 3672 2237 3733 evanida}
2275 3684 2429 3733 um-'

337 3744 445 3822 τέ,
470 3744 726 3813 fidenter
748 3751 1107 3818 conviciaris,
1134 3759 1195 3809 et
1218 3691 1405 3808 libero
1431 3750 1679 3808 blateras
1704 3764 1826 3807 ore.
1906 3747 2050 3810 Non
2088 3752 2407 3815 modestius

294 3850 433 3901 com
516 3850 620 3890 nes
666 3831 928 3890 ferocem
975 3829 1241 3889 animum
1271 3829 1292 3884 ?
1362 3844 1506 3896 non,
1560 3845 1742 3910 quum
1802 3829 1963 3886 noris
2015 3830 2279 3907 qualibus
2328 3834 2408 3888 sis

293 3928 381 3972 na
465 3906 614 3977 bus,
649 3910 834 3968 alium
875 3909 1211 3985 quempiam
1246 3907 1366 3965 huc
1403 3904 1653 3964 adduces
1691 3906 2025 3983 ingenuum
2062 3909 2273 3976 virum,
2302 3912 2404 3987 qui
2446 3917 2601 3976 1260

289 4007 410 4069 pro
441 3997 507 4051 te
530 3987 710 4059 verba
733 3987 954 4045 faciat?
998 3994 1059 4043 te
1084 3986 1247 4063 enim
1284 3982 1722 4050 dicente‚,haud
1760 4000 1874 4061 ego
1912 3984 2069 4043 dicta
2106 3988 2425 4064 percipere'

292 4078 532 4151 queam,
558 4056 638 4126 ui
658 4062 1093 4143 qin‘barbaram
1117 4064 1386 4140 linguam
1414 4079 1539 4121 non
1558 4061 1913 4140 intelligam.
2334 4077 2341 4083 ·

383 4145 518 4204 CH.
556 4143 808 4213 Utinam
845 4143 1081 4220 utrique
1107 4142 1367 4199 vestrum
1405 4157 1574 4200 mens
1612 4140 1769 4197 foret
1808 4140 2161 4201 modestior!
2233 4140 2407 4209 Nihil
2445 4150 2606 4207 1265

292 4212 482 4288 ohim,
510 4222 673 4301 quod
696 4240 732 4281 e
755 4238 822 4281 re
846 4220 1155 4281 amborum
1181 4216 1390 4285 dicam,
1418 4218 1608 4279 habeo
1635 4220 1860 4277 melius.
2242 4294 2267 4303 ‚,

376 4301 618 4364 TEUC·
664 4297 836 4383 Heu-2
879 4316 1056 4379 quam
1096 4299 1217 4361 cito
1248 4297 1468 4367 mortui
1491 4293 1747 4371 cujusvis
1771 4294 1937 4374 apud
1950 4294 2401 4374 superstites'ess
