3017 4900
736 337 743 346 ,
798 215 1185 325 <empus
1233 244 1758 328 noscimus.
2185 259 2310 334 ιρι

312 421 433 486 CH·
474 421 792 486 Nemian
817 429 969 487 ultio
993 431 1188 489 divina
1212 421 1431 499 maneb·
1454 433 1555 510 qui
1581 433 1799 490 nialutn
1825 432 1983 492 male
1999 436 2300 509 rependit:
2429 427 2452 446 '’

239 503 381 563 fraus
401 524 508 581 pro
534 506 738 563 fraude
763 510 1049 567 retributa
1074 512 1297 568 auctori
1320 529 1430 586 pro
1453 513 1644 587 gratia
1668 512 1930 569 dolorem
1956 515 2151 571 refett.
2209 517 2302 574 Tu
2333 521 2453 576 230

237 602 361 665 vero
383 585 540 642 sedes
560 586 664 655 has
689 586 975 664 linquenS,
1006 605 1183 665 quam
1226 590 1485 647 ocissime
1525 600 1582 647 te
1609 607 1682 648 ex
1720 593 1874 648 terra
1913 605 2043 649 mea
2078 592 2297 670 abripe,
2331 597 2447 652 235

234 680 300 719 ne
325 663 477 740 quod,
493 666 652 721 ultra
678 666 893 723 civitati
922 683 1066 724 meoe
1092 671 1396 744 negotium
1422 669 1677 728 facessas,
1987 689 1996 696 ·
2213 687 2224 698 ·

246 761 255 768 ·
293 737 473 798 ANT.
513 743 611 810 At,
642 743 683 800 ὂ
712 746 1024 802 verecundi
1068 747 1343 821 hospites,
1390 747 1862 824 qnandoquidem
1898 763 2104 806 senem·
2140 750 2297 809 hunc

234 836 412 877 meum
450 821 681 895 patrem*
722 839 845 880 non
887 826 1239 884 sustinuistis
1265 827 1484 890 audire,
1515 825 1669 883 facta
1693 836 2114 883 memorantem
2141 829 2298 887 haud
2326 834 2448 889 24⁰

233 905 415 972 sponte
458 898 723 967 admissa,
760 903 965 959 saltem
1001 903 1255 968 obsecro,
1292 901 1583 962 infelicem
1620 921 1716 961 me
1751 907 2136 971 miseramini,
2164 925 2296 983 quae

228 993 323 1050 pro
355 994 482 1034 meo
504 985 674 1052 patre
717 982 991 1056 supplico,
1037 1000 1153 1039 non
1182 986 1346 1040 caecis
1384 999 1485 1040 vos
1525 985 1759 1040 intuens
1785 983 1982 1050 oculis,
2010 991 2296 1062 tanquam
2323 990 2444 1043 245

230 1055 273 1109 si
304 1065 483 1112 vestro
521 1076 569 1113 es
604 1061 888 1134 sanguine
930 1072 1215 1137 prognata
1256 1080 1458 1127 essem,
1498 1071 1568 1132 ut
1593 1075 1694 1118 vos
1731 1063 1928 1119 miseri
1969 1065 2293 1122 reverentia

231 1143 449 1196 moveat.
528 1135 604 1193 In
629 1137 807 1204 vobiS,
848 1139 1005 1196 haud
1042 1156 1203 1208 secus
1243 1143 1397 1197 acin
1441 1142 1592 1203 Deo,
1620 1159 1748 1218 spes
1781 1145 1991 1197 nostrae
2019 1142 2289 1200 resident.
2364 1151 2374 1169 ⁸

230 1207 325 1268 Sed
358 1214 534 1289 agite,
568 1217 812 1273 annuite
850 1219 1209 1293 insperatum
1252 1219 1612 1276 beneficium.
1657 1247 1662 1252 ·
1694 1220 1808 1277 Per
1831 1238 1944 1295 ego
1972 1230 2049 1285 te,
2075 1222 2127 1276 si
2151 1220 2291 1297 quid
2320 1221 2444 1278 959

231 1286 410 1371 tibiex
433 1294 633 1349 animo
664 1313 865 1353 carum
892 1305 999 1362 est,
1039 1298 1315 1363 obtestor,
1342 1317 1445 1354 seu
1478 1299 1667 1373 proles
1708 1307 1813 1364 est,
1849 1317 1951 1355 seu
1977 1317 2144 1365 uxor,
2172 1297 2289 1355 sive

231 1371 501 1442 possessio,
528 1373 647 1447 sive
674 1372 849 1433 Deus.
929 1375 1071 1432 Non
1106 1378 1286 1443 enirn,
1323 1378 1692 1452 quantumvis
1718 1377 2086 1453 inquirendo,
2122 1394 2289 1453 repe-

230 1447 327 1505 rias
349 1450 665 1517 hominem,
696 1454 813 1530 qui,
841 1454 890 1510 si
917 1453 1076 1511 Deus
1100 1456 1313 1521 trahat,
1340 1457 1518 1530 possit
1544 1455 1817 1531 effugere.
2283 1463 2292 1468 '

250 1537 253 1544 '
295 1527 411 1584 CH.
452 1530 537 1586 At
556 1532 726 1598 seim,
755 1531 873 1589 filia
898 1532 1122 1609 OEdipi,
1150 1547 1255 1590 nos
1280 1542 1467 1590 vestra
1492 1535 1818 1591 calamitate
1844 1534 2082 1600 moveri,
2110 1540 2177 1591 ut
2199 1533 2287 1592 tui

229 1607 423 1679 pariter
445 1604 734 1685 hujusque
762 1628 865 1666 nos
890 1613 1192 1690 misereat:
1237 1613 1335 1668 sed
1378 1612 1639 1670 Deorum
1667 1614 1817 1669 iram
1845 1614 2114 1669 timentes
2141 1614 2286 1673 nihil
2314 1613 2442 1669 255

226 1699 428 1751 eorum,
455 1693 585 1763 quas
609 1689 716 1744 tibi
743 1690 919 1746 modo
943 1689 1212 1757 distimus,
1239 1697 1466 1749 mutare
1494 1703 1818 1767 possumus:
2189 1711 2196 1716 ·
2403 1699 2410 1706 ’

291 1762 468 1826 OED.
509 1767 668 1829 Q'uid
686 1768 980 1842 praeclara,
1002 1788 1214 1846 quaese,
1236 1770 1472 1846 prodest
1495 1771 1863 1836 existimatiO‚
1890 1769 2095 1847 quidve
2114 1770 2290 1829 famae

225 1845 451 1918 egregiae
475 1844 671 1911 decim,
697 1864 871 1923 quam
914 1847 1066 1905 facta
1100 1866 1220 1905 non
1256 1850 1677 1923 comprobant?
1719 1848 2002 1924 siquidem
2026 1847 2283 1908 Athenas
2312 1858 2434 1914 260

227 1919 373 1977 aiunt
394 1939 513 1978 esse
539 1919 1014 2000 religiosissimae,
1043 1943 1334 2004 unamque
1370 1928 1636 1985 omnium
1666 1927 1965 1984 civitatum
1992 1925 2282 2003 hospitem

225 2000 370 2056 malis
392 2002 669 2061 afflictum
703 2022 949 2074 servare,
988 2024 1282 2083 unamque
1307 2023 1475 2081 opem
1514 2007 1667 2068 ferre
1707 2023 1888 2080 posse.
1919 2029 1934 2060 r
1967 2005 2118 2063 Mihi
2146 2025 2286 2066 vero

224 2075 439 2139 ubinam
473 2080 585 2138 ista
607 2087 762 2148 sunt,-
790 2085 906 2160 qui‚
935 2089 1241 2164 postquam
1266 2101 1362 2142 me
1386 2104 1458 2141 ex
1482 2086 1593 2141 ista
1615 2084 1750 2141 sede
1774 2085 2158 2152 submovistiS,
2185 2104 2281 2143 me

223 2157 502 2230 expellitis,
529 2161 707 2222 solius
731 2163 807 2218 ob
833 2171 1058 2220 metum
1083 2165 1375 2221 nominis?
1413 2182 1536 2221 non
1562 2165 1721 2220 enim
1746 2181 1842 2219 me
1862 2163 2067 2238 ipsum,
2092 2182 2282 2241 neque
2310 2165 2428 2231 265

223 2231 360 2292 facta
379 2256 508 2294 mea
534 2241 809 2298 metuitis.
889 2241 1047 2299 Nam
1074 2243 1246 2319 ‚quod
1285 2243 1358 2301 ad
1398 2242 1551 2300 facta
1576 2244 1806 2308 attinet,
1833 2249 1971 2298 sunt
1996 2243 2112 2309 illa,
2141 2244 2278 2300 satis

221 2311 322 2369 hoc
354 2325 507 2372 certo
550 2320 688 2385 sci0,
736 2327 873 2377 sunt
916 2323 1108 2396 potius
1150 2321 1405 2379 hominis
1447 2319 1723 2392 injuriam
1765 2320 1934 2395 passi,
1979 2338 2151 2397 quam
2184 2321 2277 2384 in-

220 2389 457 2463 ferentis,
497 2397 778 2474 siquidem
807 2399 892 2457 fas
918 2401 1067 2462 mihi
1088 2401 1162 2458 sit
1187 2417 1321 2459 vera
1345 2401 1454 2458 tibi
1481 2401 1671 2458 dicere
1696 2398 1768 2457 de
1793 2406 1981 2457 matre
2007 2405 2067 2456 et
2090 2393 2275 2475 patie,

218 2487 449 2546 quorum
471 2493 643 2533 causa
668 2496 761 2537 me
787 2479 1079 2536 abhorres.
1161 2479 1476 2542 Quomodo
1501 2482 1661 2536 enim
1689 2480 1873 2537 malus
1899 2478 2137 2555 ingenio
2162 2476 2277 2537 dici
2306 2490 2440 2550 270-
2542 2562 2548 2573 ἱ

219 2552 434 2623 possim,
461 2556 562 2631 qui
586 2552 863 2627 injuriam
887 2552 1023 2615 ante
1048 2577 1265 2632 passuS,
1292 2558 1401 2615 feci
1430 2560 1713 2615 vicissim?
1758 2557 1913 2615 adeo·
1927 2568 1995 2614 ut
2019 2558 2068 2614 si
2093 2548 2276 2615 sciens
2336 2578 2342 2587 ⁸

216 2626 476 2699 fecissem,
504 2652 578 2690 ne
594 2636 684 2691 'sic
708 2636 941 2711 quidem
979 2655 1244 2694 censerer
1280 2638 1483 2694 malus⁸
1563 2637 1742 2694 Nunc
1764 2654 1902 2694 vero
1940 2636 2277 2711 imprudens
2425 2709 2430 2717 Ι

216 2724 297 2774 e0,
325 2728 433 2785 quo
469 2712 621 2780 veni,
661 2714 884 2773 delatus
927 2734 1055 2772 sum
1075 2740 1091 2773 z
1134 2712 1404 2795 aquibus
1444 2732 1582 2773 vero
1625 2732 1823 2790 passus
1852 2733 1983 2772 sum
2011 2724 2164 2781 ante,
2192 2712 2279 2772 illi
2321 2714 2332 2747 ἵ

213 2788 437 2846 scientes
474 2809 571 2848 me
609 2793 1004 2866 perdiderunt.
1082 2794 1455 2870 Quapropter
1494 2794 1816 2869 implorans
1855 2812 1970 2869 'per
1989 2794 2148 2850 Deos
2173 2794 2277 2851 ob-
2306 2797 2426 2868 275

214 2870 381 2924 testor
402 2887 519 2934 vos,
546 2871 820 2946 hospites,
846 2879 917 2929 ut
941 2890 1034 2929 me
1059 2874 1255 2947 priore
1278 2874 1568 2931 excitastis
1588 2893 1620 2929 e
1635 2873 1798 2938 sede,
1825 2874 1908 2929 ita
1933 2882 2151 2930 servate
2167 2868 2279 2945 3Jet

215 2959 298 3007 ne,
324 2943 442 3021 Diis
467 2949 752 3009 honorem
778 2950 1075 3017 habentes,
1102 2962 1299 3009 tamen
1322 2951 1481 3009 Deos
1513 2952 1687 3008 nihili
1711 2952 1902 3008 facere
1925 2951 2270 3009 videamini:

213 3022 305 3078 sed
325 3026 534 3083 credite
560 3044 658 3083 eos
682 3022 984 3103 respicere,
1009 3031 1058 3086 si
1084 3029 1217 3107 quis'
1235 3033 1393 3088 inter
1414 3031 1687 3088 mortales
1713 3030 1838 3105 pius
1862 3039 1966 3095 est,
1994 3030 2274 3104 respicere
2305 3041 2425 3105 280

213 3117 421 3180 quoque
459 3105 688 3180 impios,
712 3108 1132 3185 scelestumque
1165 3110 1463 3184 hominem
1499 3110 1797 3175 neminem
1833 3126 2091 3185 unquam
2130 3107 2274 3188 effu-

211 3180 358 3253 gium
381 3184 682 3243 invenisse.
731 3185 825 3243 Tu
850 3186 1111 3244 Deorum
1141 3206 1311 3258 causa
1336 3188 1593 3246 felicium
1618 3189 1981 3245 Athenarum
2006 3184 2272 3262 splendo-

212 3268 323 3315 rem
347 3279 418 3317 ne
442 3262 707 3330 obscura,
733 3265 896 3323 factis
936 3266 1126 3341 impiis
1164 3268 1558 3324 subserviens:
1605 3266 1707 3323 sed
1741 3272 1810 3322 ut
1835 3284 1929 3323 me
1953 3266 2274 3347 supplicem

212 3334 312 3393 fide
334 3346 431 3397 t'ua
453 3341 673 3413 fretum
710 3344 999 3419 accepisti,
1038 3345 1222 3403 libera
1258 3365 1354 3403 me
1395 3354 1455 3402 et
1487 3363 1795 3403 conserva:
1841 3361 2047 3425 neque,
2074 3350 2272 3400 meu'm
2301 3350 2424 3409 255

211 3426 377 3491 caput·
388 3420 665 3494 adspectu
709 3422 929 3480 foedum
969 3424 1222 3490 intuens,
1267 3425 1623 3482 contumelia
1645 3443 1754 3480 ·me
1780 3421 2006 3480 afficias
2084 3420 2274 3478 Venio

212 3495 350 3553 enim
391 3515 554 3555 sacer
595 3501 856 3579 piusque,
904 3510 964 3558 et
1007 3503 1314 3559 commoda
1361 3504 1578 3560 civibus
1620 3503 1776 3560 hisce
1822 3501 2044 3558 ferens:
2092 3516 2274 3575 quum

209 3582 383 3631 autem
407 3577 594 3635 aderit
620 3580 749 3656 quis
773 3582 1177 3638 auctoritatem
1223 3581 1460 3646 habens,
1504 3582 1605 3658 qui
1650 3581 1914 3656 princeps
1947 3585 2135 3635 vester
2161 3587 2273 3644 est,
2365 3640 2372 3649 ‚
2403 3644 2429 3665 ‚-

208 3656 319 3710 tu'm
341 3655 537 3713 audita
559 3676 634 3714 ex
657 3675 754 3716 me
778 3661 976 3718 omnia
999 3676 1335 3736 pernosces3
1377 3669 1439 3718 at
1462 3662 1686 3717 interea
1723 3676 1816 3725 ne,
1845 3675 2056 3736 quaese,
2087 3660 2151 3714 in
2180 3670 2276 3714 me
2305 3665 2433 3722 ¹290

206 3729 271 3793 (E
297 3730 558 3805 injurius·
610 3746 616 3751 ’
1633 3741 1638 3746 ’

264 3811 392 3869 CH.
429 3813 682 3872 Necesse
706 3825 813 3883 est,
835 3816 872 3872 ὀ
895 3834 1089 3882 senex,
1105 3822 1173 3874 ut
1193 3817 1338 3875 mihi
1360 3817 1705 3893 religionem
1725 3814 2013 3874 incutiant
2033 3815 2280 3872 consilia·

207 3893 327 3947 tua:
369 3886 528 3949 haud
553 3894 712 3951 enim
761 3913 968 3969 parum
1005 3893 1174 3953 indis
1202 3914 1322 3952 esse
1348 3897 1637 3953 momenti
1659 3912 1851 3951 sermo
1878 3903 2014 3951 tuus
2039 3895 2272 3952 indicat.
2403 3962 2416 3967 -

207 3964 304 4101 {ned
324 3972 471 4028 mihi
509 3973 649 4028 satis
678 3974 816 4041 erit,
860 3974 910 4030 si
960 3981 1130 4032 terrae
1150 4004 1159 4014 ·
1179 3971 1282 4047 huj
1291 3992 1356 4031 us
1402 3975 1866 4053 moderatoribus
1901 3973 2282 4081 declarabun·z
2305 3976 2421 4043 295

268 4062 312 4105 r.
556 4070 561 4077 ⁴
1513 4100 1520 4109 .

230 4138 239 4145 ·
273 4124 452 4186 ΟΕΙ).
495 4128 575 4185 At
598 4129 702 4186 ubi
724 4138 811 4188 est
841 4131 1094 4206 regionis
1118 4128 1295 4204 hujus
1320 4151 1445 4200 rex,
1470 4131 1771 4209 hospites?
1869 4136 1876 4145 '

228 4206 235 4215 ‘
270 4204 407 4277 CH„
432 4207 771 4275 Paternam·
790 4208 997 4266 'urbem
1035 4210 1276 4275 habitat.
1357 4213 1439 4272 At
1465 4213 1566 4290 qui
1591 4229 1686 4270 me
1717 4212 1834 4269 hue
1855 4209 2122 4268 evocavit
2146 4222 2276 4293 spe·

212 4280 596 4359 §flammeum
621 4286 799 4351 etiam
818 4296 1124 4353 vocaturus
1149 4289 1309 4357 abiit.
2230 4286 2274 4325 ‘²

285 4380 369 4425 VO
381 4381 442 4428 1„
470 4384 557 4431 11.
1209 4384 1254 4432 B
1306 4410 1317 4415 -
