3017 4900
678 288 811 366 102
1395 285 1779 358 OEDIPUS
1828 283 2058 356 REX.

750 467 941 528 OED.
978 463 1213 531 Metuo,
1236 464 1472 532 mulier,
1496 482 1575 522 ne
1600 461 1791 524 multa
1814 461 1989 526 nimis
2014 461 2173 523 dieta
2197 462 2318 524 nint
2341 463 2509 531 mihi,
2538 462 2617 526 ob
2642 474 2792 546 qun·

672 565 813 608 eum
841 561 1084 606 cernere
1108 544 1267 604 volo,
1492 575 1497 584 ·
1785 573 1789 582 ·

533 627 660 694 570
750 626 915 685 JOC.
976 622 1093 684 Sed
1142 623 1337 681 veniet
1378 620 1479 680 ille
1532 620 1809 700 quidem:
1872 622 2100 680 interea
2148 639 2291 682 vero
2339 622 2523 702 digna
2570 624 2779 683 videor

672 724 817 772 esse,
845 707 945 764 cui
967 722 1040 762 ea
1061 701 1394 768 concredas,
1421 719 1553 778 quae
1580 709 1640 758 te
1664 700 1818 759 male
1841 700 2083 768 habent,
2106 701 2156 759 ὁ*
2170 720 2292 760 rex.

749 784 940 843 OED.
981 782 1110 841 Nec
1129 774 1243 840 hoc
1268 778 1377 837 tibi
1394 778 1721 857 denegabo,
1783 797 1929 838 uum
1946 779 2013 837 in
2030 787 2258 839 tantam
2282 781 2793 858 exspectationem

580 907 595 924 .
670 865 785 923 sim
808 871 1076 922 erectuse
1120 860 1218 917 cui
1240 858 1401 917 enim
1433 860 1652 934 potiori
1677 859 1739 916 in
1781 860 1995 917 imrem
2034 877 2212 937 quam
2253 860 2381 928 tibi,
2408 860 2786 939 quandoqui-

670 943 808 1002 dem
838 942 971 999 talis
996 938 1148 999 mihi
1169 939 1412 996 fortuna
1433 938 1685 1014 contigit
1713 939 1733 994 ?

536 1025 659 1089 2⁰75
750 1021 908 1081 Mihi
933 1027 1103 1097 pater
1126 1017 1366 1095 quidem
1391 1024 1520 1076 erat
1538 1015 1791 1092 Polybus
1815 1015 2180 1084 Corinthius,
2205 1023 2399 1078 mater
2415 1024 2616 1076 autem
2640 1016 2790 1076 Mee

669 1118 812 1178 rope
852 1100 1076 1158 Dorica
1087 1122 1110 1171 3
1156 1096 1523 1173 habebarque
1563 1095 1721 1153 inter
1759 1093 2098 1153 Corinthios
2136 1099 2288 1155 cives
2326 1097 2417 1153 vir
2458 1097 2782 1176 maximus,
2900 1115 2906 1120 ·

670 1187 987 1257 antequam
1021 1194 1186 1236 easus
1223 1174 1372 1233 mihi
1408 1174 1539 1232 talis
1579 1173 1809 1240 accidit,
1832 1174 2046 1250 dignus
2086 1176 2324 1253 quidem
2362 1176 2780 1242 admiratione,

672 1276 796 1317 non
821 1267 1022 1316 tamen
1047 1263 1232 1321 tanta,
1260 1261 1541 1330 quantam
1581 1254 1731 1311 mihi
1769 1251 1988 1327 injecit,
2030 1255 2418 1313 solicitudine.
2498 1254 2798 1332 Namque.

462 1401 469 1408 ⁵
535 1340 737 1406 780in
777 1337 1049 1404 convivio
1065 1336 1156 1394 vir
1193 1332 1434 1411 quidam
1474 1332 1606 1409 plus
1640 1340 1818 1408 potus
1857 1332 2111 1391 nothum
2151 1352 2247 1391 me
2284 1327 2779 1411 subdititiumque

668 1417 827 1494 patri
850 1416 1199 1474 vocat'inter
1229 1412 1454 1488 pocula.
1537 1412 1721 1489 quue
1746 1428 1862 1488 ego
1883 1430 2042 1490 aegre
2067 1412 2281 1481 ferens,
2308 1415 2380 1470 e'a
2403 1414 2530 1488 ipsa
2553 1413 2648 1471 die
2673 1414 2778 1471 vix

668 1514 768 1555 me
793 1494 1092 1554 continuit
1132 1490 1411 1569 postridie
1429 1508 1571 1548 vero
1591 1499 1842 1549 matrem
1867 1499 2213 1569 patremque
2227 1493 2505 1558 conveni,
2526 1510 2777 1569 remque

669 1593 746 1634 ex
767 1575 882 1633 illis
908 1572 1181 1652 quoesivi=
1224 1578 1287 1629 at
1311 1570 1399 1628 illi
1436 1569 1642 1628 audito
1681 1571 1795 1626 hoc
1834 1569 2071 1645 probro,
2099 1571 2503 1647 indignatione
2541 1588 2776 1629 exarse-

533 1654 654 1719 ‘785
669 1661 813 1713 runt
836 1660 1044 1712 contra
1082 1668 1222 1708 eum
1260 1649 1363 1728 qui
1399 1649 1627 1707 dictum
1665 1649 1956 1720 emiserat.
2041 1650 2119 1707 Et
2141 1666 2260 1727 ego
2298 1650 2537 1726 quidem
2551 1647 2802 1709 ‘eorum-

668 1750 942 1791 sermone
968 1729 1331 1800 delectabar3
1371 1734 1574 1785 tamen
1597 1728 1810 1785 urebat
1833 1746 1929 1787 me
1954 1746 2187 1804 semper
2213 1730 2324 1787 hoc
2348 1729 2607 1799 dictum3
2650 1730 2796 1794 alta·⁸

668 1812 829 1870 enim
855 1816 1058 1869 mente
1101 1808 1352 1867 infixum
1377 1806 1654 1865 haerebat.
1695 1806 1951 1865 Proinde
1975 1807 2128 1865 clam
2151 1819 2315 1883 patre
2341 1816 2406 1865 et
2422 1816 2611 1866 matre
2636 1826 2778 1884 pro·

669 1890 896 1948 ficisoor
919 1889 1182 1965 Delphos
1205 1909 1219 1943 ε
1254 1894 1315 1944 et
1334 1904 1431 1945 me
1458 1885 1698 1963 quidem
1717 1887 1932 1961 Apollo
1957 1886 2179 1946 dimisit
2197 1888 2324 1945 sine
2342 1887 2467 1945 ullo
2491 1905 2777 1965 responso

534 1969 743 2034 790211
767 1988 839 2027 ea
863 1986 1116 2047 quorum
1158 1968 1354 2044 gratia
1389 1980 1683 2029 veneram,
1710 1966 1825 2022 alia
1862 1972 2061 2023 autem
2100 1967 2316 2024 misera
2353 1974 2416 2023 et
2453 1968 2683 2044 atrocia.
2708 1981 2792 2025 et·

564 2083 571 2090 2
666 2049 935 2108 luctuosa
959 2053 1161 2122 aperte
1187 2044 1472 2124 praedixit,
1501 2044 1629 2102 fore
1666 2050 1736 2101 ut
1765 2046 1943 2102 matri
1981 2046 2451 2113 concumberem‚
2471 2045 2775 2104 ‘sobolem-

652 2139 783 2207 'que
824 2127 1087 2184 odiosam
1126 2133 1188 2184 et
1226 2124 1656 2183 intolerabilem
1694 2122 2032 2182 hominibus
2058 2124 2441 2199 producerem
2468 2126 2531 2183 in
2556 2124 2772 2192 lucem,

667 2206 1037 2285 pitremque,
1058 2205 1161 2283 qui
1185 2222 1282 2266 me
1306 2204 1607 2281 genuisset
1631 2203 1974 2264 occiderem.
2014 2202 2098 2268 Et
2122 2221 2258 2279 ego,
2286 2204 2378 2261 his
2402 2204 2635 2280 auditis,
2651 2206 2779 2263 Oo-
2859 2211 2866 2218 “

534 2287 654 2352 79⁵
670 2286 908 2345 rinthioe
935 2295 1108 2344 terrae
1131 2283 1474 2348 valedicens,
1497 2283 1750 2358 solisque
1778 2299 1854 2338 ex
1879 2283 2048 2340 astris
2087 2283 2328 2358 posthac
2365 2279 2800 2356 conjecturam’

666 2366 947 2430 facturus,
975 2379 1152 2442 quam
1176 2362 1356 2439 longe
1379 2360 1455 2418 ab
1479 2378 1553 2418 ea
1575 2360 1955 2427 recessissem,
1976 2361 2186 2436 fugere
2201 2362 2452 2429 decrevi,
2476 2362 2670 2421 donec
2696 2381 2788 2420 eo·

667 2446 1055 2525 pervenirem,
1079 2441 1186 2500 ubi
1209 2437 1513 2521 nunquam
1538 2438 1756 2498 seelera
1780 2446 1842 2496 et
1855 2438 2153 2498 ‘dedecora
2183 2441 2493 2505 admittere
2516 2461 2788 2519 possem,

667 2542 801 2604 que
839 2523 1034 2581 tristia
1069 2525 1590 2598 praemonstrarent
1627 2518 1879 2578 oracula.
1960 2519 2085 2579 Iter
2121 2529 2324 2580 autem
2359 2522 2595 2590 faciens,
2620 2522 2773 2580 adeo

528 2606 654 2671 ¹00
667 2604 827 2663 locos
865 2602 999 2660 illos
1036 2601 1210 2677 ipsos,
1236 2597 1339 2656 ubi
1377 2615 1583 2676 regem
1621 2596 1781 2655 hunc
1819 2598 2056 2673 periisse
2094 2599 2277 2658 dicis:
2320 2601 2564 2678 tibique,
2594 2616 2794 2668 uxor„

666 2699 873 2742 verum
910 2680 1171 2756 eloquar.
1251 2676 1459 2739 Quum
1501 2678 1620 2734 iter
1655 2691 1964 2754 pergerem
2003 2697 2185 2756 prope
2222 2679 2376 2738 illud·
2396 2681 2659 2744 trivium,
2683 2681 2774 2739 ibi

666 2761 898 2835 obviam
923 2758 1073 2817 mihi
1094 2756 1274 2817 simul
1295 2773 1510 2815 venere
1535 2773 1843 2833 praecoque
1866 2765 1930 2814 et
1952 2759 2323 2836 vir‚,qualem
2361 2768 2432 2817 tu
2470 2760 2575 2828 ais,
2601 2762 2770 2838 equis
2845 2778 2854 2789 ’

398 2820 431 2845 ”
461 2866 489 2923 ,ι
531 2840 649 2896 805
658 2835 871 2914 juncta
892 2832 1076 2897 rheda
1095 2844 1323 2904 vectuS,
1339 2843 1402 2893 et
1453 2852 1490 2893 e
1525 2837 1618 2895 via
1656 2853 1753 2893 me
1785 2845 2091 2915 rectorque
2130 2838 2332 2896 rhedoe
2354 2839 2561 2914 etipse
2584 2856 2776 2899 senex

664 2917 1010 2978 auhmovere
1050 2916 1394 2975 volueruntz
1441 2924 1587 2973 tunc
1611 2932 1730 2992 ego
1751 2915 2039 2992 aurigam,
2062 2917 2166 2994 qui
2188 2935 2285 2978 me
2311 2917 2607 2986 trudebat,
2631 2936 2774 2994 per-

665 2999 838 3057 cutio·
871 2998 1086 3056 iratus:
1156 3001 1220 3052 at
1258 3012 1461 3057 senex,
1504 2994 1611 3053 ubi
1656 3012 1754 3052 me
1803 2995 1961 3053 videt
2004 3012 2189 3071 prope
2229 2997 2566 3055 vehiculum
2604 2996 2786 3055 inca-2

665 3077 924 3140 dentem,
964 3075 1296 3141 observans,
1338 3073 1601 3133 medium
1640 3080 1819 3150 eaput
1861 3073 2078 3148 duplici
2114 3075 2356 3133 stimulo
2394 3077 2544 3135 mihi
2581 3076 2768 3137 feriit.

530 3155 652 3211 810
667 3155 812 3215 Non
835 3155 1076 3232 quidem
1100 3170 1209 3230 par
1231 3152 1371 3210 tulit
1391 3154 1521 3229 pari
1544 3151 1836 3222 relatum,
1878 3152 1981 3210 sed
2008 3153 2319 3213 confestim
2343 3156 2603 3231 scipione
2629 3172 2780 3231 per-,

664 3253 866 3295 cussus
887 3234 965 3292 ab
1001 3234 1112 3297 hac
1137 3249 1339 3298 manu,
1363 3232 1607 3308 supinus
1631 3231 1827 3290 media
1858 3249 1933 3289 ex
1957 3231 2142 3289 rheda
2164 3234 2365 3291 statim
2390 3233 2727 3293 devolvitur
2754 3259 2773 3294 z

663 3315 894 3390 perimo
918 3328 1151 3391 quoque
1173 3311 1473 3370 universos
1495 3310 1689 3369 simul.
1737 3309 1800 3369 Si
1822 3319 2024 3371 autem
2047 3312 2258 3386 ignoto
2281 3312 2367 3369 illi
2391 3314 2519 3371 viro
2541 3313 2773 3391 aliquid

528 3389 648 3447 815
663 3407 805 3455 cum
827 3392 980 3452 Lai'o
1001 3407 1317 3451 commune
1334 3397 1447 3455 est,
1460 3390 1590 3468 quis
1611 3406 1709 3448 me
1734 3396 1825 3446 est
1848 3390 2155 3453 miserior?
2193 3392 2460 3468 quisnam
2482 3410 2605 3451 esse
2635 3410 2774 3468 pos-

662 3474 741 3532 sit
765 3473 955 3550 magis
979 3471 1196 3529 invisus
1217 3468 1396 3529 Diis?
1437 3487 1618 3547 quem
1641 3467 1797 3529 nulli
1821 3468 2122 3546 hospitum
2146 3487 2339 3548 neque
2365 3473 2588 3530 civium
2619 3472 2771 3532 licet

662 3552 844 3612 domo
868 3552 1148 3627 recipere,
1168 3560 1364 3627 ‘neque
1386 3549 1644 3624 alloqui3
1686 3546 1790 3604 sed
1827 3546 1903 3605 ab
1926 3547 2148 3606 aedibus
2184 3549 2403 3625 pellere
2433 3546 2724 3623 jubentur
2745 3575 2789 3628 :-

481 3698 485 3703 ,
527 3636 652 3691 820
664 3638 841 3708 atque
865 3629 1014 3688 alius
1039 3646 1218 3687 nemo
1238 3628 1374 3694 fuit,
1396 3645 1578 3705 quam
1602 3643 1738 3704 ego,
1759 3627 1863 3704 qui
1880 3627 2155 3686 mihimet
2169 3628 2324 3687 diras
2346 3630 2451 3689 uas
2475 3629 2771 3706 impreca-

663 3717 761 3767 tus
784 3725 934 3767 sum.
999 3707 1229 3768 Torum
1252 3714 1458 3767 autem
1481 3707 1703 3764 mortui
1725 3705 1872 3767 meis
1895 3707 2076 3782 ipsius
2100 3707 2373 3767 manibus
2397 3711 2767 3777 contamino,

662 3805 772 3871 per
796 3804 940 3865 quas
963 3788 1156 3882 periit.
1194 3785 1415 3845 Nonne
1436 3784 1754 3842 sceleratus
1776 3786 1949 3843 sum?
1983 3802 2183 3880 nonne
2208 3795 2369 3846 totus
2388 3789 2780 3867 impuratus&

528 3947 645 4020 92⁵
663 3864 1843 4035 ἓῗὲἳῗὲἒῗὲῗᾙὲῗὲἓωᾞῖὲ
1860 3865 2770 4025 ῗὲὲῖᾓὲῗὲἓὲἓέῗωωωῃ,

661 4024 847 4083 nubio
876 4025 1057 4102 Jungi
1093 4039 1191 4083 me
1220 4028 1482 4099 oportet,
1508 4029 1581 4090 ‚et
1607 4029 1848 4099 ‘patrem
1884 4022 2149 4085 occidere
2185 4024 2493 4101 Polybum,
2519 4028 2622 4104 qui
2659 4047 2766 4087 me

660 4105 870 4182 genuit
909 4112 970 4161 et
1013 4101 1302 4160 educavit.
1376 4098 1597 4159 Nonne
1641 4101 1745 4196 qui
1784 4101 1862 4160 ab
1903 4102 2121 4160 immiti
2152 4102 2421 4163 daemone
2457 4107 2585 4165 haec
2607 4107 2772 4171 mihi

419 4240 429 4269 Ι
526 4181 952 4251 &destinata
982 4176 1295 4254 judiearet,
1332 4188 1493 4238 recte
1529 4183 1819 4251 sentirem
1873 4179 2005 4249 Ne,
2030 4198 2247 4259 quaeso,
2275 4199 2374 4254 ne,
2411 4184 2452 4243 o
2487 4186 2766 4248 Deorum

656 4268 857 4321 saneta
877 4261 1144 4326 numina,
1165 4258 1392 4319 videam
1415 4259 1580 4318 hune
1588 4260 1771 4332 diem3
1799 4259 1903 4318 sed
1926 4260 2091 4337 prius
2114 4279 2189 4337 ex
2205 4264 2547 4325 mortalium
2573 4266 2774 4334 oeuliq

658 4354 1019 4411 evanescam,
1037 4355 1219 4421 quem
1238 4339 1551 4423 contigisse
1574 4339 1727 4411 mihi
1748 4338 2209 4427 videamuswu
2224 4349 2348 4428 tan
2367 4343 2551 4411 fade
2565 4343 2744 4412 lebias
2808 4380 2817 4386 -
