3017 4900
694 337 824 397 238
869 273 884 290 ⁸
1442 323 2119 395 PfflLocrssrsss,

691 503 928 561 aetate'm
952 503 1090 578 'ages
1134 492 1352 579 absque
1375 500 1624 559 fletibus.
1702 501 1784 560 At
1806 507 1910 569 tu,
1936 504 1976 559 ὁ
1996 500 2256 560 Poeante
2280 498 2387 576 fili,
2418 502 2777 567 Philocteten

574 585 578 594 ’
603 594 608 600 ’
691 581 843 647 dico,
870 581 1041 656 prodi
1064 580 1239 647 foras,
1269 581 1474 639 relicto
1499 581 1613 638 hoc
1637 598 1811 640 saxeo
1837 588 2011 639 tecto.

768 659 988 720 PHIL.
1027 661 1173 723 Quis
1197 661 1413 718 iterum
1451 660 1673 719 clamor
1715 670 1777 716 et
1814 661 2107 719 tumultun
2153 663 2345 721 oritur
2381 679 2584 720 meum
2627 662 2792 738 aput}

508 745 661 802 1265
691 741 967 797 antrum?
1031 739 1172 816 quid
1208 756 1304 797 me
1349 738 1637 796 evocatis?
1694 738 1841 817 quid
1885 739 2089 799 vultis
2103 741 2405 818 hospites?
2452 742 2549 798 hei
2588 742 2771 830 milii!

691 819 848 876 mala
890 820 1013 877 haec
1064 836 1173 876 res.
1251 815 1419 876 Num
1477 817 1707 886 adestis,
1751 827 1822 875 ut
1866 819 1941 876 ad
1980 819 2177 898 priora
2215 837 2350 879 mea
2389 820 2544 879 mala
2585 817 2773 893 majus

688 896 912 957 addatis
935 897 1160 956 malum
1182 898 1203 953 ἒ

765 975 1056 1034 ΝΕΟΡΤ.
1098 976 1362 1043 confide,
1387 968 1637 1055 audique
1665 977 1859 1041 verba,
1884 993 2016 1053 (με
2038 976 2238 1036 affero.

764 1054 983 1113 PHIL.
1021 1055 1235 1115 Metuo
1258 1056 1566 1133 equidem.
1610 1073 1863 1133 namque
1887 1065 2060 1113 antea
2083 1057 2273 1114 verbis
2303 1056 2562 1132 pulchris
2587 1054 2776 1115 addu-

686 1138 815 1192 ctus
839 1134 1057 1192 incidi
1040 1152 1105 1191 m
1131 1135 1376 1201 malum,
1402 1135 1522 1193 tuis
1549 1152 1851 1211 persuasus
1874 1136 2257 1194 sermonibus.

502 1217 660 1281 mo
763 1209 1057 1272 NEOPT.
1095 1212 1315 1271 Nonne
1338 1230 1484 1290 ergo
1506 1213 1647 1271 lieet
1664 1213 2017 1271 sententiam
2042 1215 2316 1273 mutare?

579 1291 590 1300 “
761 1292 984 1350 PHIL.
1020 1290 1172 1350 Tam
1210 1291 1428 1349 blando
1465 1309 1738 1351 sermone
1770 1293 2046 1359 utebaris,
2084 1311 2268 1370 quum
2308 1294 2456 1352 mihi
2497 1293 2642 1353 dolo
2684 1313 2777 1354 ar-

682 1387 817 1429 cum
843 1371 1218 1436 subducebas,
1246 1372 1438 1447 palam
1461 1370 1630 1438 fidus,
1655 1373 1807 1429 clam
1832 1372 2056 1429 noxius

767 1448 1061 1509 NEOPT.
1102 1449 1216 1507 Sed
1240 1467 1399 1508 nunc
1439 1463 1561 1508 non
1584 1450 1745 1509 idem
1783 1469 1930 1527 ege.
1976 1455 2180 1506 verum
2205 1465 2280 1510 ex
2305 1457 2366 1507 te
2388 1450 2595 1508 audire
2619 1454 2770 1522 volo,

411 1527 412 1534 '
498 1533 652 1599 1275
679 1534 886 1588 utrum
913 1529 1214 1587 decretum
1252 1529 1329 1586 sit
1368 1528 1478 1587 tibi
1521 1527 1622 1588 hic
1664 1530 1930 1589 manenti
1970 1528 2314 1604 perdurare,
2336 1546 2413 1586 an
2462 1531 2771 1592 nobiscum

680 1608 994 1744 fias
901 1685 973 1745 L
1014 1684 1255 1749 Desine,
1302 1704 1379 1744 ne
1422 1686 1565 1764 quid
1614 1687 1865 1764 amplius
1907 1685 2080 1792 dicas.
2174 1683 2557 1770 Quaecunque
2609 1692 2773 1752 enim

676 1763 911 1832 dixeri&
938 1767 1154 1823 frustm
1179 1765 1465 1825 dicentur.
2780 1803 2795 1809 ν

753 1843 1045 1903 ΝΕΟΡΤ.
1085 1844 1330 1904 Siccine
1315 1849 1424 1902 est
1446 1845 1781 1904 sententia?

751 1923 973 1981 PHIL.
1015 1922 1141 1994 Si03
1185 1923 1620 2002 firmioremque
1644 1942 1766 1982 esse
1786 1922 1955 1990 ante,
1982 1939 2158 2016 qimm
2182 1921 2376 1980 dicere
2396 1943 2636 2001 queam.

505 2026 517 2034 ’
747 2000 1048 2061 NEoP'r.
1088 2002 1270 2080 Atqui
1292 2003 1461 2060 dictis
1494 2010 1558 2061 te
1584 2004 1731 2061 meis
1773 1999 2107 2080 persuaderi
2132 2001 2367 2079 quidem
2410 2005 2781 2081 cupiebam·

491 2084 647 2142 1280
673 2099 874 2141 verum
901 2084 949 2140 si
976 2081 1124 2140 nihil
1154 2090 1552 2160 opportunum
1576 2083 1806 2162 loquor,
1830 2081 2085 2139 desino„

751 2159 971 2219 PHIL.
1007 2160 1198 2219 Recte
1218 2162 1396 2232 facis;
1444 2178 1586 2220 nam
1630 2163 1780 2220 nihil
1823 2178 1945 2219 non
1968 2159 2186 2218 fimtra
2209 2158 2445 2219 dixeriS.
2521 2163 2777 2243 Quippe

668 2239 1019 2299 benevolum
1038 2240 1149 2297 tibi
1172 2257 1470 2317 nunquam
1489 2241 1752 2299 animum
1779 2239 2094 2316 experieris
2116 2255 2335 2306 meum,
2363 2240 2465 2317 qui
2484 2259 2582 2299 me
2601 2246 2765 2305 victu

667 2335 806 2378 meo
856 2319 1004 2378 dolis
1045 2320 1372 2394 intercepto
1418 2320 1677 2393 privasti,
1721 2328 1782 2377 et
1814 2324 2021 2395 postea
2061 2313 2393 2376 moniturus
2436 2335 2534 2376 me
2579 2325 2768 2391 venis,

484 2399 638 2463 1285
671 2400 881 2475 optimi
920 2399 1101 2476 patris
1125 2397 1758 2476 prolesinimicissima.
1835 2396 2358 2465 Pereatis‚At1-idae
2381 2398 2623 2477 quidem
2643 2405 2764 2482 pri-

611 2508 614 2511 >
670 2495 856 2541 mum.
883 2479 1094 2537 deinde
1117 2493 1256 2535 vero
1279 2476 1509 2536 Laertis
1535 2478 1714 2546 filius,
1738 2484 1799 2534 et
1822 2487 1930 2535 tu
1915 2476 1928 2515 ⁹

745 2556 1039 2617 ΝΕΟΡΤ.
1079 2555 1213 2615 Ne
1196 2556 1533 2632 impreceris
1556 2557 1734 2625 ultra,
1759 2556 1862 2615 sed
1885 2574 2066 2616 manu
2091 2574 2167 2619 em
2206 2575 2342 2617 mea
2382 2558 2580 2637 accipe
2634 2561 2766 2624 haec

743 2711 963 2774 PHIL.
1000 2714 1161 2777 Quid
1186 2713 1369 2773 dicis.
1355 2715 1377 2757 ²
1418 2713 1590 2774 Num
1612 2732 1814 2777 rursus
1838 2722 2141 2775 tentamur
2158 2715 2353 2775 dolis?

745 2791 1043 2852 ΝΕΟΡΤ.
1082 2789 1314 2865 Adjuro
1340 2794 1527 2852 sancti
1549 2798 1772 2869 numen
1795 2813 2094 2855 summum
2118 2794 2156 2850 J
2158 2811 2296 2854 ovis
2404 2850 2407 2853 ,

479 2878 637 2938 1290
744 2871 962 2930 PHIL.
1003 2872 1062 2929 Ο
1124 2892 1190 2932 ιιι
1212 2873 1544 2949 gratissima
1567 2862 1717 2933 mihi
1739 2875 1901 2942 dicis,
1922 2875 1973 2931 si
1996 2873 2175 2931 modo
2198 2874 2341 2934 dicis
2365 2874 2591 2933 vera!

664 3035 691 3088 t
742 2946 1039 3087 ΝῐξὶΡΤ.
1076 2892 1238 3011 {es
1221 2954 1349 3029 ipsa
1383 2953 1693 3014 manifesta
1715 2955 1860 3014 erit:
1914 2971 2049 3030 age,
2076 2952 2343 3013 dextram
2365 2954 2675 3033 protende,
2699 2963 2764 3018 et

692 3046 769 3088 ua
820 3051 837 3087 1
880 3050 902 3087 1
927 3048 1067 3108 oepe
1089 3049 1272 3091 arma.

742 3108 973 3170 ULYS.
1018 3111 1148 3187 Ego
1171 3128 1311 3169 vero
1350 3117 1506 3181 veto,
1532 3111 1638 3170 Dii
1677 3119 1819 3171 sunt
1843 3118 2040 3175 testes,
2077 3098 2536 3192 Atridarumque
2569 3122 2637 3191 et
2661 3121 2757 3174 to-

662 3188 780 3247 tius
802 3188 1108 3247 exercitus
1113 3191 1373 3250 nomine.

441 3266 450 3270 ⁶
474 3267 629 3329 1295
738 3266 955 3328 PHIL.
997 3268 1054 3325 Ο
1077 3268 1182 3336 fili,
1208 3264 1346 3342 cuja
1366 3269 1522 3326 vox?
1563 3266 1731 3326 Num
1757 3268 2023 3346 Ulyssem
2048 3269 2286 3329 audivi?
2492 3294 2497 3299 ·

711 3345 968 3415 ULYS.
987 3348 1168 3405 Certa
1180 3364 1274 3405 res
1297 3355 1409 3415 est,
1426 3354 1489 3404 et
1505 3364 1687 3425 prope
1712 3348 1949 3424 quidem
1973 3367 2070 3406 me
2096 3348 2270 3418 vides,
2292 3352 2393 3428 qui
2417 3360 2476 3409 te
2501 3350 2578 3410 ad
2600 3350 2756 3411 Tro-
2806 3343 2813 3351 ’

651 3418 735 3498 jae
758 3442 887 3484 cam
931 3445 995 3484 os
1019 3426 1305 3484 abducam
1326 3426 1596 3503 ingratiis
1616 3427 1757 3494 tuiS,
1784 3427 1923 3486 velit
1947 3427 2167 3485 nolitve
2189 3428 2432 3491 Achillis
2452 3431 2632 3490 filius·

734 3503 1072 3565 PH1.At
1096 3521 1219 3563 non
1242 3506 1506 3580 impune,
1528 3503 1708 3564 modo
1730 3505 1845 3564 hoe
1869 3523 1993 3564 non
2009 3492 2246 3569 aberret
2271 3509 2477 3569 telum.

469 3583 629 3645 1800
732 3550 1200 3642 NE013‘1'.A11!
1246 3600 1654 3663 nequaquam,
1697 3601 1793 3649 ne,
1818 3603 1926 3660 per
1947 3585 2126 3649 Deos,
2152 3585 2385 3646 dimitte
2408 3588 2712 3665 sagittam.

653 3696 668 3702 -
731 3660 953 3720 PHIL.
992 3663 1130 3720 Sine
1155 3680 1348 3721 meam
1372 3680 1638 3732 manum,
1663 3680 1770 3741 per
1792 3663 1951 3723 Deos
1977 3664 2232 3730 obsecro,
2258 3667 2552 3727 carissime
2575 3666 2686 3762 fili·

729 3739 1023 3799 ΝΕΟΡΤ
1063 3733 1207 3800 Νοιι
1229 3743 1438 3801 sinam.

728 3816 947 3878 PHIL.
987 3819 1157 3879 Vah!
1200 3838 1310 3880 cur
1346 3821 1543 3880 virum
1580 3820 1863 3881 infestum
1906 3827 2085 3899 atque
2121 3821 2427 3884 inimicum
2469 3824 2748 3904 prohibe·

650 3915 750 3958 me
774 3898 1037 3957 cocidere
1061 3900 1289 3977 sagittis
1313 3901 1498 3958 meis?

513 3990 520 3997 ·
729 3975 1022 4038 ΝΕΟΡΤ.
1059 3980 1143 4037 At
1167 3996 1241 4037 ne
1281 3996 1357 4038 ue
1381 3979 1530 4037 mihi
1555 3979 1868 4040 honestum
1890 3984 1981 4036 est
2002 3979 2139 4048 hoc,
2161 3997 2354 4059 neque
2379 3981 2506 4040 tibi.

463 4057 617 4118 1³0⁵
729 4054 949 4116 PHIL
986 4056 1207 4115 Vemm
1301 4074 1371 4115 oc
1413 4058 1621 4116 saltem
1668 4060 1835 4125 seim,
1876 4058 2165 4136 principes
2208 4062 2337 4119 illos
2382 4061 2741 4120 thivorum

649 4136 958 4203 exercituS‚
984 4136 1135 4194 nihil
1177 4134 1339 4194 aliud
1379 4155 1556 4214 quam
1579 4139 1849 4195 vanitatis
1886 4154 2181 4215 praecones
2207 4158 2350 4208 esse,
2376 4139 2616 4218 ignavos
2659 4139 2740 4198 ad

855 4232 935 4282 m,
959 4214 1168 4292 lingua
1189 4222 1389 4273 autem
1413 4215 1650 4274 feroces.

727 4292 1021 4353 ΝΕΟΡΤ.
1061 4294 1249 4352 Esto:
1293 4301 1362 4351 tu
1404 4311 1564 4352 nune
1603 4292 1838 4373 quidem
1880 4310 2084 4355 arcum
2125 4296 2322 4368 habes,
2366 4314 2476 4357 nec
2502 4303 2594 4360 est
2627 4313 2739 4356 cur

612 4370 799 4459 nphi
818 4389 1170 4447 succenseas,
1197 4380 1303 4434 aut
1323 4390 1422 4435 me
1441 4374 1769 4437 crimineris
1786 4374 2059 4451 amplius.
