3017 4900
957 211 1667 353 murmurares.
2240 272 2371 334 ω
2410 291 2415 294 v
2508 231 2515 239 ’

249 429 644 511 Spercheum,
657 432 783 512 qno
805 431 962 510 patri
986 452 1084 494 me
1103 436 1377 496 exhibeas
1394 454 1555 504 meo,
1568 452 1743 515 quem
1761 428 2361 509 jamdudum‘metuo,

259 532 341 573 ne
365 513 514 572 mihi
538 523 805 572 mortuus
829 512 924 572 sit.
1002 513 1200 573 Multa
1236 516 1397 575 enim
1434 516 1576 574 hinc
1607 514 1962 574 solventibus
1985 516 2262 575 mandata
2283 515 2362 578 ad
2392 522 2510 581 495

250 610 398 670 eum
439 592 596 658 dedi,
635 591 921 668 supplices
956 593 1201 652 mittens
1241 613 1458 673 preces,
1484 603 1557 653 ut
1589 596 1711 671 ipse
1755 595 1889 651 navi
1931 595 2050 653 huc
2088 594 2358 656 advectm

255 670 509 729 domum
533 688 630 728 me
668 669 1001 740 abduceret,
1026 672 1411 753 liberaretque
1449 692 1486 731 a
1523 674 1708 732 ’ῐιιαΓιει
1789 671 1905 731 Sed
1929 674 2021 731 vel
2057 673 2183 732 fato
2221 674 2381 736 filu-⁶

247 758 391 809 ctus
421 757 533 814 est,
558 748 884 827 vel-quibus
926 751 1055 810 liaec
1087 754 1377 828 commisi,
1403 759 1476 812 ut
1517 753 1648 810 fieri
1689 750 1858 820 solet,
1902 754 2130 829 opinor,
2170 753 2218 811 ii
2255 772 2355 812 me

252 847 509 906 meaque
560 831 723 904 parvi
765 829 1105 904 pendentes,
1152 831 1393 891 domum
1446 832 1637 890 redire
1687 833 2095 908 properarunt.
2174 831 2355 894 Nunc
2388 835 2509 893 500

252 925 420 972 vero,
461 907 536 966 ad
578 914 637 964 te
682 907 843 965 enim
887 905 1264 970 deductorem
1302 911 1482 969 simul
1516 918 1581 969 et
1615 912 1892 968 nuntium
1930 911 2123 977 venio,
2150 918 2217 967 tu
2255 930 2353 970 me

253 1003 447 1052 serva,
469 993 545 1043 'tu
573 986 694 1045 mei
729 987 1029 1057 miserere,
1053 990 1443 1057 considerans,
1473 1008 1648 1066 quam
1688 995 1899 1047 cuncta
1932 992 2052 1046 sint
2091 991 2353 1048 mortali-

252 1065 376 1124 bus
398 1064 679 1132 timenda,
707 1067 963 1146 quotque
987 1068 1255 1144 periculis
1295 1069 1552 1128 obnoxia
1582 1070 1660 1127 sit
1697 1085 1902 1126 eorum
1942 1068 2221 1136 conditio,
2246 1087 2352 1126 an-

249 1162 512 1222 cepsque
535 1144 794 1211 fortuna,
819 1146 999 1214 modo
1021 1148 1177 1213 heta,
1203 1148 1381 1208 modo
1404 1149 1605 1206 tristis.
1685 1147 1937 1223 Oportet
1973 1154 2172 1205 autem
2211 1165 2349 1206 eum
2384 1152 2502 1208 505

249 1224 359 1282 cui
395 1241 490 1281 res
526 1224 798 1281 secundae
833 1231 992 1288 sunt.
1019 1227 1226 1284 acerba
1241 1221 1463 1305 quaevis
1501 1228 1829 1302 respicere3
1870 1235 1931 1297 et
1955 1227 2005 1283 si
2029 1226 2159 1303 quis
2190 1227 2351 1286 laute
2475 1232 2483 1240 '

248 1302 424 1369 vivit,
450 1308 592 1360 tunc
618 1320 757 1379 opes
780 1305 937 1361 tueri
962 1307 1235 1373 maxime,
1262 1324 1339 1363 ne
1364 1306 1723 1383 imprudenti
1749 1312 2010 1382 pereant.
2098 1317 2103 1323 ’

334 1380 471 1442 CH.
531 1380 837 1458 Mserere,
886 1384 925 1441 ὁ
984 1401 1124 1455 rex3
1197 1387 1413 1444 multos
1459 1385 1756 1444 recensuit
1806 1384 1900 1441 vix
1959 1384 2348 1443 tolerabilium

243 1463 654 1520 oeru'rnnarum
704 1461 1026 1530 conflictus,
1078 1465 1308 1541 quantis
1357 1464 1587 1523 utinam
1639 1464 1833 1521 nullus
1883 1467 2172 1526 meorum.
2198 1465 2347 1522 ami·
2477 1499 2485 1507 ·

244 1557 465 1597 corum
506 1537 828 1616 urgeatur!
872 1542 922 1598 si
962 1560 1099 1598 vero
1136 1544 1421 1611 inimicos,
1467 1544 1505 1602 ὂ
1548 1560 1674 1609 rex,
1710 1541 1899 1599 oderis
1935 1541 2193 1610 Atridas,
2228 1559 2348 1620 ego
2384 1542 2503 1599 510

246 1636 396 1677 sane
417 1618 660 1678 illorum
693 1618 978 1686 damnum
1017 1621 1080 1678 in
1118 1617 1297 1693 hujus
1338 1622 1571 1680 luorum
1608 1628 2030 1688 converterem,
2069 1639 2345 1698 eumque,

245 1697 350 1756 uti
376 1699 640 1773 impense
652 1699 846 1775 cupit,
869 1699 932 1757 in
957 1702 1242 1758 instructa
1263 1701 1410 1759 bene
1423 1708 1491 1760 et
1509 1701 1689 1759 celeri
1713 1718 1857 1759 nave
1876 1701 2218 1760 reducerem
2243 1701 2348 1759 do-
2384 1700 2500 1755 515

251 1794 450 1842 mum,
473 1776 742 1835 Deorum
768 1778 1076 1837 vindictam
1103 1779 1405 1857 effugiens,
1828 1833 1833 1838 .
2182 1797 2217 1844 λ

330 1855 627 1914 ΝΕΟΡΤ.
653 1855 802 1916 Vide
826 1864 917 1923 tu,
943 1876 1020 1915 ne
1043 1871 1203 1916 nunc
1229 1859 1464 1936 quidem
1489 1859 1715 1917 facilior
1740 1858 1852 1929 sis3
1877 1857 1982 1916 ubi
2005 1875 2147 1915 vero
2170 1858 2349 1916 taedio
2382 1857 2503 1915 5oe

237 1934 446 1993 morbi
471 1934 739 2002 vinceris,
757 1942 906 1993 ,tunc
932 1954 1054 1994 non
1077 1940 1326 2014 amplius
1353 1940 1509 1996 hisce
1535 1939 1707 1996 dictis
1726 1938 2071 1995 consentiae.

332 2012 469 2071 CH.
512 2013 797 2072 Minime:
842 2033 964 2073 non
988 2024 1094 2083 est,
1121 2026 1193 2075 ut
1231 2018 1383 2076 hanc
1419 2018 1605 2076 animi
1643 2016 2098 2076 mutabilitatem
2136 2032 2348 2091 expro-

243 2092 389 2151 bres
411 2091 851 2170 mihi'unquam
877 2097 1109 2156 merito.
2052 2135 2057 2138 ,

331 2170 630 2230 NEOPT.
669 2172 748 2229 At
786 2173 1127 2232 indecorum
1166 2181 1254 2233 est
1292 2175 1441 2233 mihi
1479 2189 1636 2238 sanc,
1663 2173 1858 2231 nunus
1887 2178 2227 2250 promptum
2252 2187 2350 2231 me

249 2250 444 2309 videri
468 2267 647 2327 quam
672 2257 754 2319 te,
780 2252 855 2310 ad
878 2270 1052 2330 opem
1076 2253 1379 2312 ferendam
1404 2254 1621 2328 hospiti
1646 2252 1713 2309 in
1734 2260 2016 2327 tempore.
2072 2251 2349 2318 Proinde,
2384 2245 2502 2307 525

247 2330 304 2387 si
343 2329 432 2387 sic
453 2329 703 2398 videtur,
727 2330 1173 2409 abnavigemus3
1217 2333 1411 2392 veniat
1447 2332 1762 2409 protinam.
1840 2331 2083 2406 Quippe
2101 2332 2234 2387 naui
2257 2347 2353 2387 ao-

250 2408 526 2486 cipietur,
541 2411 976 2546 lrliaectrepulsam
1003 2411 1188 2506 feretz
1232 2411 1604 2472 solummodo
1641 2410 1745 2504 Dii
1769 2409 1912 2468 dent
1952 2410 2141 2474 nobis,
2165 2417 2242 2504 ut·
2260 2409 2350 2468 in*-

247 2487 515 2546 eolumes
618 2507 652 2546 c
701 2507 834 2549 erra
965 2491 1247 2560 ediamur,
1274 2509 1464 2571 eoque
1534 2562 1539 2567 .
1579 2506 1929 2556 rvemamus,
1954 2506 2076 2566 quo
2114 2507 2351 2566 naviga-

249 2568 482 2626 tionem
507 2508 965 2627 insumimuggr
1503 2509 1578 2568 Pe

336 2645 559 2705 PHIL.
599 2648 657 2705 Ο
679 2647 841 2705 diem
862 2648 1065 2707 loetum
1089 2649 1413 2725 plurimum
1437 2648 1454 2705 ἒ
1497 2648 1536 2706 ὂ
1562 2647 1751 2706 virum
1780 2648 2049 2705 omnium
2084 2646 2349 2704 suavissi-
2383 2645 2504 2700 530

253 2724 467 2786 mum!
513 2726 552 2784 ὀ
596 2727 814 2784 amicos
860 2728 1142 2807 remiges!
1198 2730 1427 2786 utinam
1457 2727 1618 2785 vobis
1663 2744 1730 2786 re
1768 2726 2077 2795 ostendere
2110 2727 2349 2801 possim,
2394 2798 2401 2807 ,
2471 2800 2479 2807 ·

254 2822 443 2883 quam
468 2805 701 2863 mehoc
723 2806 1007 2864 beneficio
1032 2808 1375 2866 obstrictum
1399 2806 1664 2866 habetis!
1734 2806 1979 2871 Eamne,
2005 2807 2042 2862 ὸ
2067 2804 2171 2872 fili,
2197 2804 2347 2861 salu-
2370 2827 2374 2832 ·

247 2890 385 2942 tata
408 2884 570 2959 ptius
595 2884 697 2942 illa
718 2886 879 2961 intus
915 2886 1172 2944 infausta
1209 2887 1590 2949 habitatione,
1619 2892 1692 2944 ut
1715 2894 1777 2942 et
1800 2901 2114 2961 cognoscas
2140 2883 2350 2959 quibus
2383 2881 2500 2936 535

252 2962 531 3023 subsidiis
569 2964 748 3021 vitam
787 2965 1174 3030 toleravetim‚
1199 2983 1431 3042 quoque
1471 2965 1688 3022 fuerim
1727 2966 1911 3021 animi
1949 2963 2161 3020 robore
2182 2986 2198 3017 z
2243 2963 2352 3019 lio-

252 3059 397 3101 rum
421 3043 584 3103 enim
610 3060 685 3100 ne
709 3042 1042 3118 adspectum
1066 3045 1302 3123 quidem
1329 3045 1629 3102 neminem
1651 3043 1834 3100 alium
1859 3052 2073 3117 praeter
2101 3059 2196 3098 me
2224 3058 2353 3116 pas-

252 3137 467 3179 surum
487 3119 668 3178 fuisse
693 3122 943 3180 arbitror
956 3148 975 3195 3
1019 3143 1115 3183 me
1132 3126 1278 3182 vero'
1301 3123 1459 3182 mala
1475 3123 1624 3181 boni
1648 3122 1950 3180 consulere
1974 3120 2178 3179 docuit
2203 3119 2354 3178 dura

254 3202 590 3261 necessitas
763 3250 768 3257 ,
1319 3236 1329 3253 ›
1375 3261 1382 3268 ,
1774 3227 1779 3233 ·

340 3277 474 3338 CH.
516 3278 832 3339 Resistitez‘
879 3280 1165 3339 discamus
1203 3280 1344 3359 quid
1377 3280 1461 3337 sit
1503 3281 1660 3339 novi.
1734 3278 2007 3355 Namque
2046 3276 2159 3333 viri
2206 3276 2350 3343 duc,

246 3356 407 3416 alter
429 3359 590 3415 navis
617 3366 735 3416 tuae
773 3360 980 3431 socius,
1008 3360 1158 3419 alter
1194 3367 1395 3417 autem
1429 3366 1691 3428 exterus,
1714 3359 1834 3416 huc
1870 3356 2177 3421 accedunt,
2202 3372 2348 3432 quos
2368 3353 2502 3409 ,540

376 3454 442 3495 m
464 3437 786 3505 audieritis„
811 3448 1014 3515 postea
1035 3434 1468 3514 ingrediemini.
1799 3460 1825 3479 ·-
2480 3506 2486 3515 .

330 3514 585 3589 MERC.
623 3518 865 3575 Achillis
890 3517 996 3584 fili,
1022 3520 1247 3577 socium
1272 3528 1450 3576 tuum
1475 3519 1653 3583 hunc,
1682 3515 1945 3592 quicum
1968 3511 2197 3570 duobus
2220 3510 2346 3568 aliis
2399 3578 2410 3587 α

251 3594 423 3670 apud
458 3613 675 3654 navem
718 3607 883 3655 tuam
925 3599 1237 3655 stationem
1282 3596 1516 3672 agebat,
1555 3591 1706 3668 jussi
1744 3594 1893 3651 mihi
1932 3591 2036 3649 ubi
2078 3590 2346 3649 locorum

250 3692 410 3732 oeses
447 3673 868 3742 demonstrare,
909 3674 1379 3753 quandoquidem
1427 3676 1643 3735 inscius
1694 3671 2144 3748 imprudensque
2182 3669 2248 3726 in
2283 3676 2345 3726 te
2378 3669 2496 3725 545

248 3753 459 3819 incidi,
483 3754 639 3817 forte
663 3753 901 3813 fortuna
924 3755 999 3811 ad
1021 3753 1179 3812 idem
1202 3755 1344 3813 litus
1363 3755 1662 3830 appulsus.
1740 3751 2037 3826 Navigans
2071 3749 2251 3814 enim,
2277 3754 2347 3804 ut

249 3832 586 3900 nauclerus,
609 3832 773 3895 haud
953 3828 959 3833 ⁴
1064 3841 1396 3891 commeatu
1431 3833 1510 3901 ab
1549 3832 1660 3889 nio
1685 3830 1927 3888 domurn
1951 3824 2028 3886 ad
2050 3829 2171 3884 vini
2192 3827 2347 3884 fera·
2480 3846 2487 3857 ’

248 3929 392 3970 eem
420 3911 836 3988 Peparethum,
869 3930 919 3975 ,u
958 3913 979 3968 i
1016 3912 1214 3971 audivi
1252 3920 1477 3983 nautas,
1507 3912 1613 3989 qui
1651 3911 1766 3967 huc
1804 3907 2171 3984 appulerant,
2211 3914 2346 3963 tuos
2379 3905 2498 3962 550

251 4008 382 4048 aese
407 4007 633 4059 omnes,
657 3991 851 4051 visum
888 3999 979 4048 est
1014 3992 1164 4049 mihi
1200 3990 1359 4048 haud
1397 3991 1572 4047 tacite
1611 3989 2118 4065 praeternavigare,
2158 3985 2349 4065 prius·-

253 4087 439 4150 quam
478 4070 588 4126 tibi
612 4071 881 4148 'quedam
905 4069 1359 4135 denuntiassem,
1385 4068 1729 4127 consecutus
1750 4062 1989 4143 aliquid,
2014 4072 2085 4121 ut
2110 4081 2217 4139 par
2239 4072 2345 4126 est.

252 4148 509 4226 Ρτῳζιῑίἰ.
567 4148 742 4207 Nihil
765 4149 917 4207 forte
944 4149 1098 4207 nosti
1118 4149 1194 4206 de
1209 4149 1290 4205 iis
1314 4148 1446 4226 quse
1471 4148 1577 4204 tu'a
1603 4147 1919 4211 intersunt,
1930 4160 2074 4221 .quoe
2098 4159 2250 4200 nova
2272 4141 2347 4198 de

254 4237 321 4286 te
344 4227 584 4287 Achivis
605 4228 850 4297 consilia
867 4235 1039 4300 sunt3
1078 4245 1187 4287 nec
1207 4226 1453 4284 consilia
1476 4223 1918 4284 tautunvverbis
1941 4219 2236 4287 inita,·sed
2259 4220 2348 4277 di·
2374 4217 2497 4274 555

253 4308 366 4366 ctis
384 4302 693 4378 ,iamfacta
715 4314 1054 4385 suppetunt,
1071 4323 1316 4386 remque
1337 4304 1498 4364 haud
1522 4305 1893 4384 negligenter
1913 4304 2349 4377 exsequuntur..

349 4405 524 4450 vor..
552 4407 576 4451 1
589 4406 641 4452 1.
1281 4392 1324 4453 2
1358 4402 1403 4449 o
