3017 4900
630 283 749 356 ’90
1075 277 1081 286 ’
1379 270 1763 340 OEDIPUS
1812 267 2041 339 REX.

666 472 808 531 gere
837 451 1129 528 pulchrius
1155 457 1259 506 est.
1342 449 1577 524 Quippe
1616 448 1767 505 nihil
1800 445 1894 504 est
1932 463 2125 525 neque
2158 465 2263 506 arx
2288 465 2478 528 neque
2505 447 2683 515 navis,
2710 443 2769 505 ni

669 544 830 590 vasta
854 531 950 596 sit,
979 549 1088 587 nec
1112 548 1147 586 a
1174 529 1306 584 viris
1336 527 1649 585 habitetur.

749 610 938 680 OED.
981 608 1037 665 Ο
1066 607 1414 665 miserabiles
1454 623 1600 681 puel
1602 607 1642 673 i,
1684 613 1843 674 nota,
1872 624 1995 666 non
2034 608 2240 685 ignota
2267 607 2431 673 mihi,
2462 616 2769 682 precntum

577 696 656 748 ⁶0
672 688 999 747 advenistis.
1042 687 1284 745 Prorsus
1307 686 1466 743 enim
1491 686 1612 741 scio
1640 684 1847 743 morbo
1867 687 2129 745 laborare
2156 704 2255 743 vos
2278 703 2509 743 omnes·
2494 729 2510 757 ‚
2550 704 2767 779 quum·

583 820 590 836 ,
673 787 787 846 que
813 768 1013 826 dolore
1039 764 1448 826 conficiamini,
1479 780 1600 820 non
1627 753 1827 821 tamen
1854 767 2158 843 quisquam
2184 772 2290 831 est,
2321 766 2415 823 cui
2442 768 2552 823 ista
2576 765 2771 841 magis

673 866 849 941 quam
872 847 1021 903 mihi
1046 844 1298 901 doleant.
1380 842 1653 899 Vestrum
1681 844 1841 901 enim
1865 846 2279 923 unusquisque
2286 862 2394 902 suo
2418 851 2651 903 tantum
2678 851 2774 901 at·-

672 927 927 1003 tingitur
952 923 1173 987 dolore,
1200 923 1377 980 alieni
1413 920 1629 978 doloris
1656 938 1895 1013 expers·
1942 932 2005 981 at
2043 925 2273 983 animus
2303 942 2469 981 meus
2494 934 2555 981 et
2581 923 2772 987 urbis„

580 1008 656 1063 65
675 1014 736 1062 et
775 1023 985 1069 meam,
1015 1011 1074 1059 et
1101 1014 1348 1059 vestram
1375 1002 1558 1057 vicem
1582 1001 1788 1076 gemit.
1867 1002 2122 1061 Proinde
2167 1002 2322 1060 haud
2362 1020 2570 1060 somno
2609 1002 2773 1077 sopi-

674 1089 812 1143 tum'
830 1100 926 1140 me
945 1082 1262 1140 excitastis·
1299 1079 1398 1136 sed
1412 1080 1625 1136 scitote
1642 1080 1898 1139 multum
1916 1101 2011 1139 me
2030 1078 2156 1153 jam
2178 1082 2414 1145 flevisse,
2436 1080 2775 1158 multasque

673 1166 792 1221 vias
818 1162 1033 1227 iniisse,
1061 1159 1310 1217 diductis
1351 1175 1819 1235 quoquoversum
1860 1160 2329 1237 cogitationibus
2409 1161 2603 1223 Quam
2630 1177 2775 1217 vero

673 1259 908 1301 mecum
927 1239 1128 1297 sedulo
1153 1236 1573 1296 considerando
1595 1238 1827 1295 unicam
1853 1241 2043 1315 reperi
2062 1239 2427 1303 medicinam,
2451 1258 2579 1297 eam
2602 1238 2777 1296 adhi-

578 1328 660 1388 '70
676 1322 794 1379 bui
876 1320 1110 1393 Quippe
1143 1316 1433 1373 Menoecei
1460 1317 1647 1373 filium
1677 1317 2018 1384 Οιεοιιῑειιι,
2046 1318 2281 1376 affinem
2308 1337 2524 1381 meum,
2554 1318 2628 1375 ad
2656 1318 2774 1394 Py-

675 1402 799 1457 thia
819 1398 948 1456 misi
969 1337 1257 1472 Appollinis
1277 1394 1519 1453 delubra
1536 1396 1913 1464 sciscitatum,
1936 1416 2188 1475 quonam
2211 1396 2301 1457 vel
2318 1398 2474 1455 facto
2495 1398 2586 1455 vel
2610 1398 2777 1455 dicto

612 1486 622 1498 ”
673 1478 882 1536 urbem
907 1478 1058 1533 hanc
1083 1475 1328 1533 liberare
1354 1474 1588 1549 possim.
1666 1474 1917 1552 Jamque
1956 1484 2396 1551 computantem
2425 1485 2639 1554 quotus
2676 1476 2776 1534 hic

675 1559 796 1616 dies
823 1568 908 1613 est
936 1575 1021 1617 ex
1037 1573 1152 1631 quo
1179 1549 1339 1620 abiit,
1367 1550 1523 1610 subit
1548 1553 1872 1617 solicitudo,
1905 1556 2044 1633 quid
2067 1555 2265 1614 ier‘um
2291 1566 2446 1632 agat.
2520 1557 2775 1613 Causam

576 1644 658 1705 75
676 1638 835 1694 enim
883 1635 1104 1691 nullam
1147 1632 1332 1699 xide0‚
1373 1649 1480 1688 cur
1523 1630 1743 1689 diutius
1783 1634 1951 1701 absit,
1994 1653 2187 1711 quam
2211 1635 2469 1709 postulat
2509 1634 2777 1692 mandati

674 1716 843 1774 ratio,
923 1715 1004 1770 At
1045 1712 1278 1789 quando
1305 1712 1547 1778 venerit,
1576 1718 1706 1769 tum
1746 1730 1860 1789 ego
1900 1714 2200 1789 improbus
2224 1714 2356 1780 sim,
2386 1714 2450 1770 ni
2489 1730 2778 1791 exsequar

677 1795 878 1851 omnia
904 1811 1033 1870 quae
1060 1792 1403 1867 praeceperit
1429 1790 1610 1847 Deus,

754 1873 911 1931 SAC.
960 1870 1034 1928 Et
1060 1880 1216 1928 recte
1242 1881 1311 1927 tu
1336 1868 1576 1946 quidem
1596 1868 1775 1925 dicis.
1813 1885 2067 1948 namque
2094 1868 2200 1929 hi
2173 1890 2304 1945 Jam
2324 1870 2647 1931 Creontem
2670 1871 2777 1930 ad-

674 1953 874 2010 venire
897 1951 1043 2017 mibi
1067 1949 1419 2026 significant.

558 2040 702 2126 ι80
728 2030 945 2089 ..OED
988 2030 1043 2086 O
1069 2047 1174 2087 rex
1206 2028 1439 2107 Apollo,
1466 2023 1697 2086 utinam
1723 2028 1821 2087 ille
1849 2027 1934 2091 ita
1958 2029 2115 2088 felici
2151 2038 2311 2091 sorte
2335 2030 2552 2098 veniat,
2578 2037 2649 2088 ut
2680 2005 2775 2088 hi'-

679 2108 1186 2256 ὴιέιζιέωΑἳάῖιειὶ
1182 2185 1428 2253 videtur,
1455 2186 1625 2246 laetus
1652 2194 1762 2247 est.
1816 2188 2080 2281 Alioqui
2106 2170 2229 2247 non
2254 2188 2337 2247 ita
2354 2192 2531 2266 caput
2549 2187 2780 2245 cinctus

681 2272 902 2327 veniret
928 2267 1238 2343 frugiferae
1264 2267 1414 2323 lauri
1440 2283 1624 2323 ramo,
1669 2332 1674 2337 .

755 2347 945 2406 OED.
995 2348 1204 2405 Statim
1230 2347 1502 2402 sciemus.
1551 2362 1731 2419 prope
1754 2346 1913 2401 enim
1938 2346 2078 2403 satis
2109 2345 2293 2413 adest,
2319 2346 2521 2403 audire
2558 2353 2627 2404 ut
2666 2323 2779 2403 nos

555 2423 658 2493 *85
675 2430 872 2506 possit:
954 2425 1159 2562 ODrex,
1188 2444 1272 2501 up
1311 2422 1519 2490 affinis,
1554 2431 1690 2496 nate
1728 2418 2040 2493 Menoecei,
2067 2424 2226 2504 quod
2264 2425 2433 2484 nobis
2472 2425 2641 2484 affers
2681 2444 2778 2484 re

675 2525 959 2586 sponsum
1046 2506 1137 2561 ei>

757 2587 899 2644 CR.
925 2585 1182 2642 Bonum.
1219 2581 1380 2639 Nam
1406 2597 1536 2660 quae
1562 2578 1741 2639 etiam
1766 2577 2023 2641 difficilia
2047 2590 2206 2650 sunt,
2225 2586 2273 2642 si
2301 2583 2476 2644 modo
2500 2591 2660 2645 recta
2687 2585 2782 2642 via

675 2665 1074 2742 perducantur
1099 2661 1172 2720 ad
1199 2662 1445 2728 exitum,
1473 2661 1674 2718 omnia
1698 2660 1831 2718 dico
1859 2680 2135 2739 prospera
2158 2664 2302 2734 fore.

581 2755 661 2810 90
755 2744 944 2802 OED.
983 2741 1141 2804 Quid
1167 2742 1278 2798 hoc
1318 2740 1603 2797 sermonis
1629 2748 1754 2798 est.
1741 2742 1761 2778 ²
1842 2740 2055 2822 Neque
2081 2743 2239 2800 enim
2262 2742 2557 2809 fiduciam,
2583 2760 2779 2821 neque

674 2823 825 2883 adeo
851 2829 1076 2881 metum
1103 2822 1189 2878 his
1168 2839 1259 2877 cc
1288 2838 1361 2876 ex
1387 2818 1556 2876 dictis
1581 2821 1769 2896 capio,

520 2963 525 2971 ,
584 2980 586 2983 v
755 2902 880 2961 CR.
922 2903 983 2958 Si
1005 2903 1126 2958 istis
1153 2901 1234 2956 xis
1259 2898 1624 2957 adstantibus
1649 2900 1872 2967 audire,
1869 2908 2129 2977 paratus
2153 2918 2284 2960 sum
2311 2899 2499 2978 loqui3
2546 2900 2640 2994 sin
2664 2900 2780 2959 ιιιί-

681 3001 813 3048 nus,
835 2984 922 3040 ire
935 2968 1124 3038 intro'.

658 3060 663 3070 '
755 3060 945 3118 OED.
981 3061 1197 3116 Coram
1221 3057 1496 3115 omnibus
1504 3058 1808 3153 eloquere.
1851 3040 2047 3135 Magis
2064 3059 2225 3117 enim
2239 3057 2456 3118 horum
2479 3075 2575 3115 me
2596 3059 2785 3117 confi-

589 3142 602 3157 '
676 3144 758 3200 cit
783 3140 971 3205 dolor,
1000 3157 1176 3216 quam
1207 3146 1473 3194 meaemet
1502 3138 1682 3212 ipsius
1709 3139 1841 3195 vitae
1866 3154 2025 3194 cura.

583 3227 667 3283 95
759 3217 885 3277 CR.
925 3218 1137 3275 Dicam
1159 3234 1288 3293 quae
1315 3217 1509 3274 audivi
1536 3235 1573 3273 a
1596 3216 1746 3276 Deo.
1795 3216 2072 3277 Dilucido
2089 3211 2263 3288 jubet
2281 3231 2389 3273 nos
2421 3232 2527 3274 rex
2547 3217 2783 3311 Apollo,

680 3296 1178 3375 pimussu1n,quod
1203 3295 1420 3352 scilicet
1453 3296 1611 3375 intra
1634 3297 1787 3354 hanc
1813 3296 2023 3355 urbem
2057 3294 2341 3363 nutritur,
2367 3296 2783 3365 exterminare,

684 3399 757 3435 uf:
765 3395 873 3451 quc
905 3375 1250 3452 inexpiabile
1277 3375 1448 3433 alere.

757 3455 947 3515 Um}
978 3455 1230 3576 Qualem
1249 3454 1628 3512 adhibeamus
1646 3453 2074 3554 expiationem?
2106 3453 2423 3515 Quodnam
2440 3453 2788 3513 calamitatis

724 3555 869 3592 emm·
901 3543 1020 3592 nst.
2753 3575 2763 3584 .

556 3624 664 3676 lffl]
680 3555 720 3616 g
765 3617 809 3672 t.
821 3616 885 3672 Η
933 3612 1115 3671 Extra
1155 3613 1298 3670 fines
1332 3611 1658 3688 abigentes,
1683 3610 1778 3666 vel
1804 3628 2008 3668 necem
2034 3626 2233 3670 rursus
2256 3629 2400 3670 nece
2424 3611 2780 3696 plectentes.

684 3716 825 3760 ean
809 3700 918 3748 uis
946 3695 1105 3756 enim
1131 3690 1346 3751 effusus
1372 3692 1525 3758 hanc
1548 3691 1810 3778 exagitat
1832 3689 2062 3747 urbem.

769 3776 952 3832 UED.
994 3772 1150 3830 Nam
1181 3772 1308 3848 quis
1332 3770 1514 3827 homo
1539 3778 1647 3834 est,
1674 3764 1840 3840 quus
1864 3768 2084 3828 caedem
2108 3770 2435 3846 significat.
2420 3771 2482 3811 ³

763 3853 899 3911 CR.
929 3851 1066 3910 Fuit
1089 3851 1275 3915 nobis,
1299 3849 1336 3906 ὁ
1363 3849 1515 3913 Rex,
1542 3847 1703 3905 urbis
1729 3844 1906 3919 hujus
1933 3849 2075 3906 olim·
2100 3849 2435 3920 dominator
2459 3847 2660 3916 Laius»,
2681 3865 2787 3908 an·-

684 3939 921 4010 tequam
952 3940 1020 3989 tu
1045 3931 1116 3987 ad
1144 3930 1327 4005 regni
1339 3928 1568 3984 clavum
1596 3926 1914 3992 accederes
2057 3972 2063 3981 ,

557 4019 668 4083 105
764 4011 954 4073 OED.
995 4008 1219 4067 Audire
1247 4006 1524 4064 memini:
1569 4005 1670 4062 sed
1700 4008 1885 4064 virum
1905 4023 2213 4087 nunquam
2240 3984 2375 4065 vidi.

592 4095 597 4103 '
765 4090 892 4149 CR.
937 4086 1135 4161 Hujus
1175 4084 1420 4144 extincti
1456 4080 1585 4156 jam
1624 4086 1868 4142 mandat
1905 4079 2111 4162 aperte
2137 4086 2367 4162 Apoll0‚
2395 4093 2462 4145 ut
2493 4083 2784 4165 quosdam

684 4180 952 4227 auctores
981 4167 1151 4223 caedis
1180 4166 1494 4257 puniamus

764 4248 954 4305 OED.
996 4245 1112 4303 Ubi
1131 4245 1402 4319 gentium
1421 4243 1508 4299 illi
1527 4243 1705 4302 sunt?
1744 4242 1848 4299 ubi
1866 4218 2335 4322 deprehendetur
2353 4244 2665 4324 vestigium
2680 4239 2787 4301 ali-

687 4328 844 4410 quod
868 4325 1076 4388 veteris
1101 4324 1352 4392 sceleris,
1379 4334 1496 4404 quo
1526 4323 1701 4419 nulla
1720 4321 1895 4385 ducat
1919 4320 2295 4401 conjectum?

2160 4610 2179 4640 Χ

2966 4039 2968 4120 1
