3017 4900
737 343 865 404 no
1442 333 1823 409 OEDIPUS
1870 329 2096 407 REX.

727 514 866 575 dem
898 521 1221 582 mortuum,
1253 513 1626 592 antiquorum
1667 529 2087 592 congressuum
2128 507 2475 571 memoriam
2516 512 2802 589 repetens,

727 593 887 654 unde
912 594 960 651 is
984 591 1168 661 onus,
1193 612 1235 652 a.
1252 610 1368 669 quo
1407 593 1669 668 periisset
1705 594 1847 670 ipse,
1873 611 1934 651 se
1959 601 2208 652 matrem
2241 589 2576 668 relinquens
2598 595 2800 661 suopte

730 670 853 729 filio
892 671 1142 730 infandis
1182 671 1400 746 nuptiis
1442 671 1763 747 parituram
1805 671 2050 741 liberos3
2093 665 2522 745 deploravitque
2565 669 2798 726 lectum,

559 760 717 818 1250
729 748 831 808 ubi
869 748 1086 826 duplici
1123 749 1344 827 flagitio
1367 763 1442 807 ex
1475 750 1689 808 marito
1719 749 2017 815 maritum,
2042 747 2362 825 liberosque
2387 765 2461 805 ex
2483 746 2680 824 liberis
2705 761 2800 819 pe-

728 827 985 904 perisset.
1043 827 1180 890 Quo
1204 844 1341 885 vero
1363 826 1571 885 deinde
1596 827 1772 886 modo
1797 828 2051 905 perierit,
2079 827 2290 884 nesci0.
2348 824 2619 884 Clamore
2644 822 2802 881 enim

727 917 946 984 magno
970 906 1179 982 irrupit
1203 903 1472 983 OEdipus,
1499 905 1578 963 ob
1602 921 1775 986 quem
1811 923 1932 965 non
1969 905 2135 964 licuit
2172 904 2325 962 illius
2355 904 2686 984 ,inspectare
2712 919 2806 971 ca,-

559 995 711 1054 1255
727 1001 889 1042 sum:
932 985 1117 1043 sedin
1141 985 1330 1060 ipsum
1356 985 1469 1042 huc
1493 979 1635 1044 illuc
1657 985 2032 1043 cursitantem
2056 982 2254 1041 oculos
2273 983 2647 1040 intendimus.
2688 979 2807 1037 Im·

726 1072 868 1138 petu
893 1064 1054 1122 enim
1085 1062 1398 1129 ferebatur,
1425 1079 1533 1120 nos
1557 1079 1768 1140 rogans
1793 1075 1861 1122 ut
1884 1062 2145 1141 gladium
2168 1059 2278 1119 sibi
2302 1061 2592 1127 daremus,
2618 1067 2679 1117 et
2705 1057 2807 1116 ubi

727 1137 1042 1218 conjugem
1080 1137 1563 1216 non-conjugem,
1593 1150 2036 1218 maternumque
2068 1140 2351 1198 inveniret
2374 1140 2680 1216 geminum
2715 1153 2810 1193 ar-

727 1233 868 1278 vum
888 1221 1094 1297 suique
1117 1228 1179 1277 et
1201 1219 1537 1277 liberorum.
1615 1213 1855 1278 Furenti
1880 1227 2077 1277 autem
2110 1215 2383 1277 indicavit
2397 1217 2573 1275 ‚Deus
2610 1216 2810 1290 nescit>

560 1308 717 1365 1260
730 1299 890 1377 quis3
936 1298 1128 1356 nullus
1153 1283 1309 1355 enim
1335 1297 1483 1355 dixit
1507 1296 1686 1355 homo
1709 1315 1913 1358 eorum
1933 1298 2035 1376 qui
2059 1297 2362 1356 aderamus
2385 1297 2487 1355 illi.
2526 1295 2685 1354 Tum
2711 1295 2811 1351 ille
2885 1312 2895 1320 ·

728 1375 1084 1436 horribiliter
1106 1377 1455 1441 exclamans,
1477 1385 1657 1442 recta,
1671 1385 1961 1455 ,tanquam
1984 1376 2036 1433 si
2061 1377 2212 1433 viam
2236 1376 2808 1453 quis‘praemonstraf

728 1462 839 1521 ret,
861 1454 1126 1531 geminas
1149 1454 1311 1512 fores
1328 1453 1570 1512 insultat
1592 1456 1859 1524 calcibus,
1882 1453 2260 1530 funditusque
2275 1454 2468 1510 evellit
2492 1471 2629 1510 cava
2645 1451 2807 1509 clau·

727 1540 870 1598 εἴη,
888 1539 1065 1610 atque
1089 1533 1159 1591 in
1172 1533 1501 1598 cubiculum
1519 1532 1708 1601 irruit,
1724 1534 1825 1592 ubi
1848 1533 2083 1591 demum
2104 1533 2505 1607 conspeximus
2522 1531 2813 1608 pensilem

558 1610 713 1680 1265
728 1611 1052 1678 mulierem,
1076 1611 1367 1670 tortilibus
1389 1613 1710 1685 suspendiis
1735 1612 2091 1695 implicitam.
2149 1611 2255 1668 Ille
2281 1627 2414 1670 vero
2438 1609 2541 1667 ubi
2565 1628 2698 1668 eam
2725 1610 2810 1666 vin-

727 1688 848 1757 det,
874 1689 1232 1748 horrendum
1259 1690 1575 1748 infremens
1599 1692 1791 1757 miser,
1816 1697 2150 1767 suspensam
2178 1690 2378 1747 restim
2396 1688 2650 1766 expedit.
2693 1686 2813 1745 Sed

727 1775 1033 1845 postquam
1058 1770 1269 1826 misera
1291 1769 1458 1827 humi
1482 1777 1771 1843 prostrata
1795 1765 2002 1842 jacuit,
2027 1769 2151 1825 visu
2177 1767 2473 1833 horribilia
2496 1773 2813 1824 consecuta

726 1852 884 1903 sunt.
960 1843 1231 1923 Namque
1273 1848 1481 1905 avulsis
1526 1847 1601 1906 ab
1639 1848 1792 1906 illius
1815 1848 2184 1923 stolataureis
2216 1846 2406 1905 fibulis
2476 1845 2810 1906 uibus-sub«.
2991 1851 2992 1888 ¹

561 1927 717 1994 1270
730 1939 882 1982 nexa
918 1934 1063 1989 erat,
1110 1925 1239 1983 illas
1282 1925 1556 1986 attollens
1613 1927 1918 1985 oculorum
1968 1925 2134 1985 orbes
2183 1922 2294 1982 sibi
2334 1942 2403 1981 co
2470 1923 2612 1987 odit,
2664 1924 2820 1988 talia

729 2001 961 2060 dicens:
1004 2005 1130 2061 illos
1174 2007 1494 2081 neu-tiquam
1524 2008 1731 2064 visuros
1757 2019 1855 2063 nec
1890 2022 2009 2080 quae
2036 2017 2231 2080 passus
2255 2010 2409 2070 esset,
2437 2020 2535 2061 nec
2560 2020 2680 2076 quae
2700 2020 2813 2076 ρῳ

731 2087 933 2139 trasset
953 2084 1123 2147 mala,
1150 2085 1251 2143 sed
1286 2085 1520 2143 tenebris
1557 2103 1757 2142 mersus
1795 2087 1856 2142 in
1893 2091 2193 2159 posterum,
2220 2100 2353 2156 quos
2384 2100 2509 2150 non,
2528 2087 2811 2155 oporteat,

558 2167 714 2230 1275
730 2162 959 2229 visuros’,
988 2179 1228 2236 quosque
1266 2172 1486 2239 cuperet
1526 2167 1661 2241 ipse,
1694 2181 1806 2221 mm
1842 2181 1877 2219 a
1918 2165 2147 2243 nituros.
2223 2159 2390 2220 'salia
2418 2159 2563 2219 dum
2584 2160 2808 2235 impie-2

727 2247 914 2304 catur,
955 2239 1282 2316 ingeminat
1323 2241 1522 2319 plagas
1567 2242 1802 2300 elevatis
1844 2182 2129 2317 pglpebris
2146 2260 2160 2296 ε
2177 2238 2506 2316 --simulque
2545 2250 2810 2295 cruentae

726 2319 963 2394 pupulae
997 2333 1179 2395 genas
1220 2319 1520 2395 rigabant:
1587 2338 1696 2378 nec
1737 2336 1882 2377 rarae
1919 2320 2064 2377 lenti
2106 2318 2403 2394 sanguinis
2449 2316 2811 2375 distillabant

728 2405 936 2475 guttae,
967 2396 1069 2455 sed
1109 2404 1237 2455 ater
1275 2389 1663 2476 lacrymarum
1703 2398 1891 2456 imber
1932 2396 2154 2457 cruoris
2188 2397 2392 2455 mistus
2424 2395 2813 2473 grandinibus

561 2480 717 2542 1280
730 2475 1045 2553 effluebat„
1120 2478 1314 2553 Atque
1353 2478 1465 2536 ista
1513 2496 1551 2535 a
1598 2477 1843 2545 duobus,
1883 2494 2005 2535 non
2043 2476 2120 2534 ab
2155 2494 2278 2533 uno
2317 2483 2567 2543 tantum,
2605 2482 2818 2532 exorta

682 2616 687 2621 ,
729 2561 877 2611 sunt
916 2553 1087 2619 mala,
1139 2555 1239 2611 sed
1285 2555 1392 2612 viri
1441 2562 1503 2612 et
1550 2557 1747 2614 uxoris
1794 2555 2097 2623 commista
2145 2554 2458 2612 calamitae.
2550 2553 2816 2631 Antiqua

727 2638 926 2688 autem
947 2630 1192 2688 felicitas
1218 2633 1356 2690 olim
1393 2633 1629 2710 quidem
1663 2651 1803 2713 yero
1837 2634 2088 2692 nomine·
2103 2628 2348 2691 felicitas
2372 2630 2808 2709 appellabatun

592 2774 599 2779 ‚
729 2717 792 2767 at
816 2722 973 2768 nunc
998 2709 1105 2768 hac
1129 2710 1251 2785 ipsa
1281 2710 1374 2769 die
1409 2713 1472 2769 in
1494 2713 1772 2791 gemitus,
1794 2712 1862 2783 in
1884 2728 2118 2779 noxam,
2143 2713 2210 2770 in
2246 2720 2520 2779 mortem,
2543 2709 2812 2768 indede-

562 2789 729 2875 1285·
636 2840 639 2843 ,
728 2801 1130 2926 ἵιιεῡκίἳῐινεδτὲ
1154 2796 1242 2846 est
1262 2814 1279 2846 ι
1320 2791 1611 2850 malorum
1634 2798 1922 2872 quotquot
1941 2800 2083 2849 sunt
2106 2792 2372 2849 omnium
2388 2791 2627 2861 nomma'
2625 2789 2815 2859 „nuk

712 2894 719 2900 ·
751 2883 854 2924 um
945 2885 977 2924 c
996 2886 1031 2923 a
1131 2879 1174 2925 t.
1563 2904 1570 2911 ·
1783 2922 1788 2928 .
2375 2902 2378 2907 ·

761 2946 771 2953 ’
808 2942 940 3002 CH.
979 2945 1155 3003 Nunc
1178 2951 1375 3006 autem
1399 2948 1577 3007 miser
1599 2946 1699 3006 ille
1726 2967 1842 3007 tuo
1867 2949 1933 3007 in
1958 2948 2113 3006 malo
2138 2954 2396 3007 versatur
2413 2935 2453 3005 ἵ

807 3019 972 3082 ῙΝΤ.
1002 3024 1243 3084 Clamat
1279 3037 1349 3084 ut
1390 3028 1643 3086 claustra
1842 3035 2036 3094 entur,
2082 3035 2256 3104 atque
2299 3026 2570 3084 ostendat
2602 3025 2814 3104 aliquis

731 3100 1003 3160 omnibus
1029 3104 1235 3162 Cadmi
1249 3104 1466 3164 civibus
1490 3102 1658 3164 illum
1681 3107 1861 3182 patris
1877 3105 2216 3171 occisorem,
2230 3100 2822 3165 illum-matris-im-.

562 3187 721 3250 1290
762 3181 831 3238 ‘ia
851 3181 1113 3258 loquens,
1141 3200 1248 3240 nec
1278 3201 1317 3241 a
1349 3202 1447 3241 me
1469 3184 1775 3243 referenda
1789 3211 1804 3238 ε
1847 3185 2061 3262 quippe
2087 3183 2189 3261 qui
2213 3192 2404 3241 certus
2426 3186 2504 3241 sit
2525 3192 2710 3242 semet
2734 3202 2817 3245 ex

809 3273 841 3315 c
865 3265 1022 3317 terra
1045 3257 1271 3333 ejicere,
1301 3280 1407 3320 nec
1430 3262 1681 3348 amplius
1722 3280 1960 3322 manere
1998 3261 2179 3339 domi,
2215 3262 2422 3339 quibus
2459 3262 2581 3337 ipse
2613 3280 2675 3318 se
2703 3262 2812 3319 de-

730 3338 909 3406 vovit,
937 3338 1076 3395 diris
1100 3339 1404 3400 obnoxius.
1479 3341 1719 3401 Auxilio
1742 3342 1944 3420 utique
1967 3348 2031 3399 et
2056 3341 2298 3399 ductore
2322 3342 2517 3419 aliquo
2541 3340 2804 3416 indiget:

732 3433 873 3475 nam
896 3417 977 3475 vis
1003 3415 1215 3489 doloris
1239 3415 1430 3492 major
1454 3426 1563 3488 est,
1591 3438 1766 3498 quam
1808 3438 1937 3498 quae
1968 3420 2206 3481 tolerari
2245 3421 2443 3495 possit.
2520 3416 2811 3477 Ostendet

563 3501 716 3561 1295
730 3501 931 3553 autem
956 3503 1019 3552 et
1054 3493 1193 3553 tibi:
1237 3494 1412 3570 hujus
1435 3499 1597 3563 enim
1626 3494 1827 3570 januae
1865 3497 2207 3575 panduntur
2230 3497 2508 3569 claustra:
2550 3514 2812 3574 moxque

600 3627 611 3638 ,
728 3573 1125 3648 spectaculum
1149 3574 1365 3635 videbis
1387 3573 1695 3650 ejusmodi,
1725 3577 1884 3657 quod
1907 3577 2000 3635 vel
2021 3577 2176 3637 hosti
2200 3575 2651 3639 misericordiam
2674 3593 2807 3635 mo-

724 3657 883 3710 reat.
1627 3669 1648 3700 λ
1773 3702 1780 3707 .
2320 3656 2330 3665 ’

811 3730 941 3788 CH.
983 3730 1558 3813 ostroxadspectu
1605 3731 1827 3792 clades!
1871 3733 1910 3792 ὁ
1951 3733 2310 3812 atrocissima
2345 3733 2631 3807 omnium,
2666 3750 2812 3811 quas

562 3813 718 3873 1800
730 3806 877 3866 mihi
916 3809 1107 3891 videre
1145 3829 1402 3889 unquam
1439 3812 1690 3889 contigit
1702 3810 1726 3867 Ξ·
1762 3811 1905 3874 Quis
1943 3819 2024 3879 te,
2050 3813 2088 3870 ὁ
2123 3812 2323 3879 miser,
2362 3812 2569 3869 invasit
2592 3812 2759 3873 furor
2777 3812 2819 3869 b

730 3887 861 3963 quis
884 3887 1045 3946 Deus
1068 3885 1294 3962 majora
1327 3893 1595 3952 maximis
1621 3890 1789 3949 malis
1813 3899 1932 3953 tuas
1964 3889 2346 3950 infelicisorti
2370 3887 2619 3963 adjecit?
2662 3891 2812 3959 beu,

722 3964 866 4048 litu,
893 3966 1125 4025 infelix!
1170 3966 1388 4026 Verum
1428 3986 1504 4026 ne
1547 3968 1780 4046 quidem
1821 3969 2042 4028 intueri
2083 3976 2144 4025 te
2181 3975 2433 4045 possum,
2460 3970 2647 4026 multa
2668 3969 2831 4029 licet.

559 4046 715 4115 1805
729 4046 1476 4120 cupiam.seiscitari,-multa
1491 4047 1713 4114 audire,
1727 4047 2031 4126 multaque
2050 4045 2243 4105 videre
2256 4071 2276 4120 3
2306 4047 2488 4106 talem
2503 4048 2649 4125 mihi
2665 4048 2810 4106 hor-

726 4134 924 4183 rorem
949 4125 1185 4183 incutis.-

805 4184 996 4261 (ῨΕΙ).
1036 4200 1173 4267 Hei²
1207 4200 1341 4271 hei..
1363 4202 1483 4270 hei,
1515 4204 1631 4273 hei,
1669 4196 1806 4282 lieu,
1827 4204 1949 4268 heu
1981 4202 2158 4283 miser
2199 4203 2344 4281 ego!
2385 4205 2491 4273 ubi
2512 4206 2836 4267 tei-rarum·

557 4280 717 4371 1310
726 4265 886 4340 feror
907 4280 1147 4339 infelix?
1176 4296 1293 4425 {p}
1308 4268 1458 4342 mihi
1475 4300 1730 4363 quonam
1744 4283 1936 4345 avolat
1949 4283 2017 4344 in
2029 4301 2198 4345 auras
2218 4283 2482 4359 sublata?
2510 4285 2549 4343 ὁ
2565 4285 2822 4362 fortuna,

726 4370 1183 4439 quonamwvasls
1244 4403 1262 4420 .
