3017 4900
685 233 808 332 ιιι
1067 281 1071 286 «
1239 241 1629 328 ,(ΕῡιΡυε
1679 222 2205 317 ooL‘oNssus.

532 426 653 483 ³00
760 421 945 484 OED.
983 420 1248 498 Ecquam
1290 422 1507 498 putatis
1559 421 1697 480 coeci
1746 421 1997 480 hominis
2041 421 2211 480 illum
2271 438 2478 486 curam
2517 429 2622 484 aut
2666 440 2772 486 m

684 512 946 578 spectum
972 501 1326 563 habiturum,
1358 509 1422 556 ut
1447 501 1561 557 huc
1585 519 1646 558 se
1671 499 1934 558 conferre
1961 516 2082 557 non
2106 508 2400 576 gravetur.

764 578 894 637 CH.
925 579 1277 644 Admodum,
1306 563 1410 636 ubi
1436 584 1604 636 tuum
1633 596 1847 637 nomen
1874 578 2142 638 audierit.

764 658 951 716 OED.
992 658 1138 720 Quis
1165 673 1302 714 vero
1327 663 1435 725 est,
1461 659 1562 734 qui
1586 658 1697 715 hoc
1722 658 1777 715 ei
1803 653 2137 716 nuntiabit?

766 735 895 795 CH.
937 735 1148 813 Longa
1183 734 1275 793 via
1312 741 1431 792 est·
1475 737 1662 794 multa
1696 742 1894 793 autem
1931 737 2218 795 viatorum
2257 735 2412 796 dicta
2438 736 2629 796 solent
2653 737 2786 796 dis-

456 857 461 862 ·
532 816 656 874 305
689 815 874 891 pergi,
903 815 1109 892 quibus
1134 814 1230 871 ille
1255 812 1485 880 auditis,
1514 833 1608 872 me
1634 815 1782 879 vide,
1807 814 2010 872 aderit.
2088 814 2285 874 Multa
2307 817 2485 892 enim,
2506 819 2543 875 ὁ
2567 834 2788 886 senex,-

689 895 778 951 tui
803 893 1052 951 nominis
1089 893 1246 952 fama
1284 892 1498 971 ubique
1533 892 1868 958 dimanavit,
1910 900 1997 958 ut,
2036 890 2177 950 licet
2199 912 2267 969 sp
2270 893 2381 951 isso
2403 895 2591 990 gradu
2615 898 2780 955 viam

689 973 979 1050 ingressus
1003 971 1203 1038 fuerit',
1230 982 1335 1030 tuo
1359 972 1558 1030 audito
1584 971 1819 1029 nomine
1843 970 2108 1029 celeriter
2130 971 2481 1031 adventurus
2506 974 2598 1031 sit.

766 1050 955 1110 OED.
996 1050 1109 1109 Sed
1130 1051 1459 1109 fortunatus
1477 1051 1667 1106 veniat
1687 1066 1920 1125 suaeque
1945 1049 2123 1126 ipsius
2147 1049 2299 1119 urbi,
2325 1059 2387 1110 et
2410 1049 2592 1112 mihi!
2621 1051 2800 1116 Quis.

691 1131 849 1187 enim
874 1130 1061 1188 bonus
1087 1146 1205 1185 non
1231 1136 1315 1188 est
1342 1127 1493 1186 sibi
1476 1128 1585 1203 ipsi
1610 1128 1860 1186 amicus?

533 1208 664 1270 ³10
768 1208 951 1266 ANT.
992 1209 1046 1264 Ο
1071 1205 1335 1282 Jupiter!
1380 1206 1519 1282 quid
1544 1205 1771 1263 dicam?
1816 1205 1956 1283 quid
1980 1207 2255 1284 cogitem,
2281 1213 2488 1284 pater.
2465 1206 2489 1248 ²

769 1286 957 1343 OED.
999 1286 1157 1348 Quid
1182 1285 1266 1343 rei
1292 1291 1405 1351 est,
1431 1301 1565 1341 cara
1589 1285 1923 1361 Antigone?

768 1365 953 1423 ANT.
994 1364 1305 1424 Mulierem
1331 1363 1498 1421 video
1519 1380 1699 1439 prope
1720 1362 1795 1422 ad
1830 1380 1935 1421 nos
1966 1364 2324 1431 venientem,
2348 1345 2594 1440 procem
2616 1383 2791 1443 equo

689 1455 936 1509 vectam,
957 1443 1053 1499 cui
1071 1442 1277 1508 faciem
1296 1442 1606 1502 obumbrat
1620 1442 1925 1518 impositus
1945 1443 2121 1518 capiti
2138 1441 2496 1500 Thessalicus
2519 1444 2787 1520 galerus.

542 1518 662 1582 315
692 1524 790 1579 An
814 1540 885 1578 ea
909 1521 1034 1577 est?
1062 1538 1139 1578 an
1162 1536 1282 1577 non
1306 1521 1429 1577 est?
1436 1539 1538 1578 an
1556 1520 1728 1578 fallor
1745 1521 1972 1579 animo?
2003 1531 2064 1578 et
2087 1520 2203 1586 alo,
2222 1527 2284 1577 et
2307 1539 2479 1598 nege,
2501 1539 2610 1579 nec
2632 1522 2786 1598 quid

543 1603 666 1662 ³20
692 1601 922 1659 credam
947 1618 1044 1657 cer
1046 1606 1176 1666 tum
1200 1605 1305 1654 est.
1385 1596 1575 1657 Perii!
1615 1615 1738 1656 non
1762 1599 1876 1657 alia
1899 1606 2019 1655 est.
2064 1600 2381 1678 permulcet
2406 1618 2501 1658 me
2527 1600 2796 1658 blandus

691 1679 1014 1737 accedentis
1059 1676 1379 1753 adspectus,
1420 1676 1909 1757 manifestumque
1952 1677 2095 1737 facit
2137 1675 2318 1738 solius
2360 1678 2619 1748 Ismenes
2660 1680 2787 1737 hoc

691 1776 812 1815 esse
836 1765 1050 1831 caput..

769 1834 957 1893 OED.
995 1835 1152 1897 Quid
1177 1834 1342 1901 dixti,
1369 1829 1549 1893 nata?
2793 1881 2800 1896 .

770 1913 951 1972 AN'R
988 1914 1199 1972 Filiam
1236 1922 1420 1981 tuam,
1460 1911 1765 2015 meamque
1813 1932 1910 1974 me
1953 1914 2151 1975 videre
2189 1881 2471 1981 sororem,
2546 1912 2666 1972 sed
2685 1914 2792 1974 lo-

545 2075 662 2131 2325
695 1988 1887 2149 ςυῗὲῧωίξᾶωςειιῗιῖἕῃρῗιίιεὸῃέοῗιιιοιίε
1928 2070 2261 2139 dulcissima
2308 2069 2455 2130 mihi
2497 2070 2798 2150 alloquia,

694 2167 1053 2288 qugrffl
1077 2162 1640 2295 vostri-epeigzslnune
1665 2170 1785 2228 prae
1807 2151 2009 2245 dolore
2034 2167 2194 2229 aegra
2215 2149 2518 2228 adspicio
2492 2148 2507 2185 ¹

1052 2232 1176 2289 enis
1227 2248 1300 2287 ne
1472 2249 1562 2286 ia.

711 2361 719 2369 .
768 2309 930 2369 ISM.
971 2309 1026 2366 O
1053 2317 1219 2386 pater
1243 2307 1582 2386 miserabilis
1608 2306 1915 2384 adspectu!

769 2375 956 2447 OED.
998 2388 1053 2443 Ο
1077 2395 1202 2445 sata
1226 2404 1456 2444 mecum
1480 2405 1555 2446 ex
1579 2386 1787 2446 eodem
1810 2383 2141 2465 sanguine'

767 2467 929 2527 ISM.
973 2467 1028 2524 Ο
1052 2466 1442 2525 miserrimum
1464 2483 1706 2541 genus
1677 2467 1706 2512 ¹

771 2544 960 2603 OED.
998 2544 1228 2603 Adesne
1251 2542 1488 2601 tandem
1514 2543 1676 2600 filia?

771 2624 930 2682 ISM.
970 2622 1174 2699 Nonq
1175 2610 1367 2680 uidem
1390 2623 1518 2678 sine
1541 2638 1679 2691 meo
1701 2612 1918 2688 lahem,

517 2704 667 2770 ,330
772 2702 960 2759 OED.
1003 2700 1367 2776 Amplectere
1393 2718 1506 2766 me,
1525 2699 1673 2760 filia.

772 2779 932 2839 lsM.
974 2781 1312 2855 Amplector
1334 2779 1509 2839 simul
1531 2778 1699 2839 duos.

773 2858 961 2917 OED.
1001 2859 1058 2915 Ο
1082 2860 1297 2916 hancce
1322 2866 1384 2915 et
1408 2875 1591 2916 me--’
1897 2924 1906 2931 ,

766 2937 934 3002 ISM.
972 2925 1387 3015 Infelicemque
1411 2954 1506 2995 me
1535 2932 1802 2995 tertiam!

772 3015 960 3087 OED.
1003 3017 1123 3074 Cur
1145 3026 1345 3074 autem
1370 3015 1596 3082 venisti,
1622 3015 1777 3074 filia?

770 3079 932 3153 J‘SM.
972 3084 1064 3153 De
1088 3104 1149 3153 te
1172 3095 1414 3161 solicita,
1439 3102 1624 3170 pater.

773 3172 962 3231 OED.
1004 3174 1207 3245 Meine
1229 3172 1550 3232 desiderio?

698 3252 934 3389 ἦέιὸἶιιζῐ.
952 3250 1059 3389 ἐξ
1084 3267 1152 3310 ιιι
1176 3253 1451 3312 nuntium
1474 3254 1601 3329 ipsa
1622 3251 1731 3311 tibi
1756 3248 2056 3310 afferrem
2046 3252 2183 3311 veni
2206 3230 2341 3315 cum
2369 3242 2544 3314 unico
2567 3255 2681 3319 hoc
2699 3272 2791 3331 ex

817 3350 857 3389 u
880 3350 925 3389 is
1032 3333 1125 3390 eli.

544 3400 665 3466 335
777 3409 960 3469 OED.
999 3408 1119 3470 Tui
1142 3418 1340 3469 autem
1364 3408 1749 3469 adolescentes
1774 3407 1982 3467 fratres
2007 3411 2146 3488 quid
2174 3429 2330 3469 nunc
2353 3413 2616 3490 agitant?

776 3488 945 3548 ISM.·
972 3489 1151 3553 Quod
1173 3498 1375 3567 agunt,
1403 3499 1623 3566 agunt.
1653 3506 1852 3547 verum
1879 3492 2062 3547 atroci
2090 3501 2388 3562 versantur
2411 3493 2475 3549 in
2499 3491 2794 3567 periculo.

777 3552 964 3628 OED.
1005 3569 1198 3631 Quam
1223 3585 1458 3643 prorsus
1483 3567 1572 3625 illi
1596 3567 1669 3625 ad
1704 3556 2007 3682 AEgyptias
2032 3568 2233 3662 leges·
2214 3571 2521 3646 ingenium
2544 3570 2794 3629 confor-

546 3643 667 3703 840
698 3655 926 3706 matum
968 3648 1185 3706 habent
1226 3656 1288 3704 et
1329 3647 1554 3704 vivendi
1594 3645 1871 3704 modum!
1918 3645 2010 3704 lbi
2051 3649 2208 3705 enim
2233 3649 2341 3706 viri
2380 3649 2539 3707 intus
2569 3648 2795 3713 sedent

695 3725 873 3784 telam
898 3735 1190 3785 texentes:
1234 3743 1443 3783 uxores
1480 3743 1617 3782 vero
1639 3725 1778 3781 foris
1805 3733 1934 3801 quae
1961 3724 2035 3782 ad
2070 3726 2283 3784 victum
2316 3722 2613 3802 pertinent
2638 3744 2798 3802 pro-

694 3814 901 3863 curant
927 3804 1260 3863 identidem.
1327 3804 1420 3860 Sic
1445 3821 1519 3860 ex
1542 3804 1721 3877 vobis.
1748 3802 1786 3859 ὀ
1811 3802 1963 3875 filiae,
1992 3818 2133 3881 quoe
2156 3823 2263 3881 par
2284 3814 2410 3863 emt
2433 3807 2550 3865 mei
2573 3822 2797 3875 cmm

695 3886 1000 3977 suscipere,
1025 3883 1089 3940 hi
1109 3884 1269 3940 domi
1292 3881 1575 3948 desident,
1600 3889 1671 3938 ut
1693 3883 1957 3958 innuptae
1985 3883 2220 3956 puellae:
2251 3903 2349 3940 vos
2375 3901 2513 3942 vero
2537 3884 2796 3944 illorum

546 3962 664 4022 245
697 3962 817 4020 vice
840 3971 1078 4040 propter
1103 3980 1197 4032 me
1225 3961 1514 4017 infelicem
1539 3978 1826 4035 aerumnas
1850 3962 2237 4036 perpetimini.
2285 3961 2367 4018 Et
2387 3963 2512 4020 haec
2537 3962 2795 4040 quidem

691 4041 1471 4208 Ξεὲἒζῖζὲεἳέἱ3ἒέῗωω3,
1369 4029 1998 4174 mssssffifflfi
2000 4042 2517 4187 ,3ἑ3ἑ33333ιῗξίἷὲἑ33
2543 4056 2792 4194 ³5me

542 4196 668 4280 §50
695 4214 786 4262 ras
810 4199 976 4255 silvas
1006 4192 1214 4269 jejuna
1251 4196 1611 4272 nudipesque
1649 4213 1879 4272 vagans,
1906 4215 2056 4272 saepe
2082 4138 2260 4255 etpiearg
2285 4137 2793 4278 imbrespgolisquo

693 4275 927 4338 ardores
948 4290 1234 4355 perpessa,
1276 4275 1693 4355 posthabetque
1718 4275 2026 4342 commoda
2050 4277 2256 4354 quibus
2281 4276 2442 4341 domi
2465 4275 2590 4338 frui
2605 4283 2794 4354 pote«

2615 3083 2670 3113 ’ἦ
