<?xml version="1.0" encoding="UTF-8"?>
<!DOCTYPE html PUBLIC "-//W3C//DTD XHTML 1.0 Transitional//EN"
    "http://www.w3.org/TR/xhtml1/DTD/xhtml1-transitional.dtd">
<html xmlns="http://www.w3.org/1999/xhtml" xml:lang="en" lang="en">
 <head>
  <title>
</title>
<meta http-equiv="Content-Type" content="text/html;charset=utf-8" />
  <meta name='ocr-system' content='tesseract 3.04.00' />
  <meta name='ocr-capabilities' content='ocr_page ocr_carea ocr_par ocr_line ocrx_word'/>
</head>
<body>
  <div class='ocr_page' id='page_1' title='image "./tragoediaesepte00unkngoog_0263.png"; bbox 0 0 3017 4900; ppageno 0'>
   <div class='ocr_carea' id='block_1_1' title="bbox 63 549 147 642">
    <p class='ocr_par' dir='ltr' id='par_1_1' title="bbox 63 549 147 642">
     <span class='ocr_line' id='line_1_1' title="bbox 63 549 66 588; baseline 0 0"><span class='ocrx_word' id='word_1_1' title='bbox 63 549 66 588; x_wconf 71' lang='grc' dir='ltr'><strong>ἓ</strong></span> 
     </span>
     <span class='ocr_line' id='line_1_2' title="bbox 63 591 147 642; baseline 0 -24"><span class='ocrx_word' id='word_1_2' title='bbox 63 591 66 642; x_wconf 55' lang='lat' dir='ltr'><em>g</em></span> <span class='ocrx_word' id='word_1_3' title='bbox 138 608 147 618; x_wconf 91' lang='lat'><em>.</em></span> 
     </span>
    </p>
   </div>
   <div class='ocr_carea' id='block_1_2' title="bbox 66 1427 71 2181">
    <p class='ocr_par' dir='ltr' id='par_1_2' title="bbox 66 1427 71 2181">
     <span class='ocr_line' id='line_1_3' title="bbox 66 1427 71 2181; baseline 0 0"><span class='ocrx_word' id='word_1_4' title='bbox 66 1427 71 2181; x_wconf 95' lang='lat' dir='ltr'><strong> </strong></span> 
     </span>
    </p>
   </div>
   <div class='ocr_carea' id='block_1_3' title="bbox 66 1599 72 2181">
    <p class='ocr_par' dir='ltr' id='par_1_3' title="bbox 66 1599 72 2181">
     <span class='ocr_line' id='line_1_4' title="bbox 66 1599 72 2181; baseline 0 0"><span class='ocrx_word' id='word_1_5' title='bbox 66 1599 72 2181; x_wconf 95' lang='lat' dir='ltr'><strong> </strong></span> 
     </span>
    </p>
   </div>
   <div class='ocr_carea' id='block_1_4' title="bbox 1081 299 2398 378">
    <p class='ocr_par' dir='ltr' id='par_1_4' title="bbox 1081 299 2398 378">
     <span class='ocr_line' id='line_1_5' title="bbox 1081 299 2398 378; baseline 0.004 -7"><span class='ocrx_word' id='word_1_6' title='bbox 1081 299 1537 371; x_wconf 81' lang='lat' dir='ltr'>ELECTRA.</span> <span class='ocrx_word' id='word_1_7' title='bbox 2026 304 2036 312; x_wconf 82' lang='grc'><strong>“</strong></span> <span class='ocrx_word' id='word_1_8' title='bbox 2110 299 2111 304; x_wconf 64' lang='grc'>’</span> <span class='ocrx_word' id='word_1_9' title='bbox 2216 309 2398 378; x_wconf 68' lang='grc'><strong>953,</strong></span> 
     </span>
    </p>
   </div>
   <div class='ocr_carea' id='block_1_5' title="bbox 277 476 2508 1581">
    <p class='ocr_par' dir='ltr' id='par_1_5' title="bbox 343 476 2349 555">
     <span class='ocr_line' id='line_1_6' title="bbox 343 476 2349 555; baseline -0 -16"><span class='ocrx_word' id='word_1_10' title='bbox 343 476 573 539; x_wconf 73' lang='lat' dir='ltr'><strong>cLYT.</strong></span> <span class='ocrx_word' id='word_1_11' title='bbox 591 489 596 492; x_wconf 85' lang='grc'><strong><em>·</em></strong></span> <span class='ocrx_word' id='word_1_12' title='bbox 614 478 933 544; x_wconf 75' lang='lat' dir='ltr'><strong>Quidnam,</strong></span> <span class='ocrx_word' id='word_1_13' title='bbox 960 477 1170 555; x_wconf 80' lang='lat' dir='ltr'>hospes</span> <span class='ocrx_word' id='word_1_14' title='bbox 1191 479 1331 548; x_wconf 48' lang='lat' dir='ltr'><strong>{dic</strong></span> <span class='ocrx_word' id='word_1_15' title='bbox 1352 503 1368 535; x_wconf 71' lang='lat' dir='ltr'>a</span> <span class='ocrx_word' id='word_1_16' title='bbox 1395 479 1602 537; x_wconf 87' lang='lat' dir='ltr'><strong>missus</strong></span> <span class='ocrx_word' id='word_1_17' title='bbox 1627 478 1787 538; x_wconf 87' lang='lat' dir='ltr'><strong>enim</strong></span> <span class='ocrx_word' id='word_1_18' title='bbox 1812 476 1887 537; x_wconf 88' lang='lat' dir='ltr'><strong>ab</strong></span> <span class='ocrx_word' id='word_1_19' title='bbox 1905 477 2115 547; x_wconf 75' lang='lat' dir='ltr'><strong>amice,</strong></span> <span class='ocrx_word' id='word_1_20' title='bbox 2141 480 2349 546; x_wconf 86' lang='lat' dir='ltr'><strong>amica,</strong></span> 
     </span>
    </p>

    <p class='ocr_par' dir='ltr' id='par_1_6' title="bbox 280 558 2022 714">
     <span class='ocr_line' id='line_1_7' title="bbox 280 558 1356 628; baseline -0.002 -12"><span class='ocrx_word' id='word_1_21' title='bbox 280 563 364 616; x_wconf 78' lang='lat' dir='ltr'><strong>sat</strong></span> <span class='ocrx_word' id='word_1_22' title='bbox 386 560 524 623; x_wconf 87' lang='lat' dir='ltr'><strong>scio,</strong></span> <span class='ocrx_word' id='word_1_23' title='bbox 548 558 811 617; x_wconf 88' lang='lat' dir='ltr'><strong>dicturus</strong></span> <span class='ocrx_word' id='word_1_24' title='bbox 835 575 896 616; x_wconf 85' lang='lat' dir='ltr'><strong>es</strong></span> <span class='ocrx_word' id='word_1_25' title='bbox 921 558 1113 615; x_wconf 86' lang='lat' dir='ltr'><strong>verba.</strong></span> <span class='ocrx_word' id='word_1_26' title='bbox 1349 619 1356 628; x_wconf 59' lang='grc'>,</span> 
     </span>
     <span class='ocr_line' id='line_1_8' title="bbox 346 633 2022 714; baseline 0.001 -20"><span class='ocrx_word' id='word_1_27' title='bbox 346 636 554 695; x_wconf 76' lang='lat' dir='ltr'><strong>PAED.</strong></span> <span class='ocrx_word' id='word_1_28' title='bbox 592 637 869 695; x_wconf 83' lang='lat' dir='ltr'>Mortuus</span> <span class='ocrx_word' id='word_1_29' title='bbox 895 645 982 693; x_wconf 85' lang='lat' dir='ltr'><strong>est</strong></span> <span class='ocrx_word' id='word_1_30' title='bbox 1008 638 1282 693; x_wconf 80' lang='lat' dir='ltr'><strong>Orestes:</strong></span> <span class='ocrx_word' id='word_1_31' title='bbox 1317 633 1448 695; x_wconf 58' lang='lat' dir='ltr'><strong>stin</strong></span> <span class='ocrx_word' id='word_1_32' title='bbox 1471 638 1536 695; x_wconf 89' lang='lat' dir='ltr'><strong>in</strong></span> <span class='ocrx_word' id='word_1_33' title='bbox 1560 653 1743 714; x_wconf 77' lang='lat' dir='ltr'><strong>pauca</strong></span> <span class='ocrx_word' id='word_1_34' title='bbox 1766 635 2022 697; x_wconf 81' lang='lat' dir='ltr'><strong>confe&#39;ro.</strong></span> 
     </span>
    </p>

    <p class='ocr_par' dir='ltr' id='par_1_7' title="bbox 293 707 2502 1027">
     <span class='ocr_line' id='line_1_9' title="bbox 293 707 2223 791; baseline 0 -18"><span class='ocrx_word' id='word_1_35' title='bbox 293 707 328 746; x_wconf 74' lang='grc'><strong>·“</strong></span> <span class='ocrx_word' id='word_1_36' title='bbox 345 713 473 773; x_wconf 68' lang='lat' dir='ltr'><strong>BL.</strong></span> <span class='ocrx_word' id='word_1_37' title='bbox 515 714 653 773; x_wconf 78' lang='lat' dir='ltr'><strong>Heu</strong></span> <span class='ocrx_word' id='word_1_38' title='bbox 676 734 775 772; x_wconf 88' lang='lat' dir='ltr'><strong>me</strong></span> <span class='ocrx_word' id='word_1_39' title='bbox 801 716 1071 773; x_wconf 78' lang='lat' dir='ltr'><strong>miseram</strong></span> <span class='ocrx_word' id='word_1_40' title='bbox 1096 715 1114 771; x_wconf 68' lang='grc' dir='ltr'><strong>Ξ</strong></span> <span class='ocrx_word' id='word_1_41' title='bbox 1155 718 1301 791; x_wconf 87' lang='lat' dir='ltr'><strong>perii</strong></span> <span class='ocrx_word' id='word_1_42' title='bbox 1328 716 1520 773; x_wconf 90' lang='lat' dir='ltr'><strong>hodie.</strong></span> <span class='ocrx_word' id='word_1_43' title='bbox 2219 753 2223 757; x_wconf 67' lang='grc'><em>»</em></span> 
     </span>
     <span class='ocr_line' id='line_1_10' title="bbox 346 793 2502 872; baseline 0 -21"><span class='ocrx_word' id='word_1_44' title='bbox 346 794 577 852; x_wconf 74' lang='lat' dir='ltr'><strong>cLYT.</strong></span> <span class='ocrx_word' id='word_1_45' title='bbox 617 794 776 855; x_wconf 85' lang='lat' dir='ltr'><strong>Quid</strong></span> <span class='ocrx_word' id='word_1_46' title='bbox 816 795 917 857; x_wconf 89' lang='lat' dir='ltr'><strong>ais,</strong></span> <span class='ocrx_word' id='word_1_47' title='bbox 946 794 1085 872; x_wconf 91' lang='lat' dir='ltr'><strong>quid</strong></span> <span class='ocrx_word' id='word_1_48' title='bbox 1109 794 1212 860; x_wconf 77' lang='lat' dir='ltr'><strong>ais„</strong></span> <span class='ocrx_word' id='word_1_49' title='bbox 1242 794 1483 871; x_wconf 80' lang='lat' dir='ltr'><strong>hospes?</strong></span> <span class='ocrx_word' id='word_1_50' title='bbox 1515 813 1590 852; x_wconf 85' lang='lat' dir='ltr'><strong>ne</strong></span> <span class='ocrx_word' id='word_1_51' title='bbox 1614 793 1764 853; x_wconf 80' lang='lat' dir='ltr'><strong>hanc</strong></span> <span class='ocrx_word' id='word_1_52' title='bbox 1790 794 1944 854; x_wconf 86' lang='lat' dir='ltr'><strong>audi.</strong></span> <span class='ocrx_word' id='word_1_53' title='bbox 2385 795 2502 858; x_wconf 67' lang='lat'><strong>675</strong></span> 
     </span>
     <span class='ocr_line' id='line_1_11' title="bbox 341 872 2475 950; baseline -0.001 -17"><span class='ocrx_word' id='word_1_54' title='bbox 341 872 553 934; x_wconf 73' lang='lat' dir='ltr'><strong>PAED.</strong></span> <span class='ocrx_word' id='word_1_55' title='bbox 594 872 839 930; x_wconf 77' lang='lat' dir='ltr'><strong>Periisse</strong></span> <span class='ocrx_word' id='word_1_56' title='bbox 864 873 1117 930; x_wconf 85' lang='lat' dir='ltr'><strong>Oresten</strong></span> <span class='ocrx_word' id='word_1_57' title='bbox 1141 873 1273 931; x_wconf 87' lang='lat' dir='ltr'><strong>dico</strong></span> <span class='ocrx_word' id='word_1_58' title='bbox 1299 891 1475 936; x_wconf 88' lang='lat' dir='ltr'><strong>nunc,</strong></span> <span class='ocrx_word' id='word_1_59' title='bbox 1503 883 1574 931; x_wconf 89' lang='lat' dir='ltr'><strong>ut</strong></span> <span class='ocrx_word' id='word_1_60' title='bbox 1598 884 1659 931; x_wconf 91' lang='lat' dir='ltr'><strong>et</strong></span> <span class='ocrx_word' id='word_1_61' title='bbox 1679 876 1855 950; x_wconf 79' lang='lat' dir='ltr'><strong>prius,</strong></span> <span class='ocrx_word' id='word_1_62' title='bbox 2464 907 2475 918; x_wconf 77' lang='lat'><em>›</em></span> 
     </span>
     <span class='ocr_line' id='line_1_12' title="bbox 345 948 2037 1027; baseline 0.001 -17"><span class='ocrx_word' id='word_1_63' title='bbox 345 951 470 1010; x_wconf 81' lang='lat' dir='ltr'><strong>EL.</strong></span> <span class='ocrx_word' id='word_1_64' title='bbox 513 951 719 1012; x_wconf 80' lang='lat' dir='ltr'><strong>Occidi</strong></span> <span class='ocrx_word' id='word_1_65' title='bbox 744 951 955 1008; x_wconf 85' lang='lat' dir='ltr'><strong>misera</strong></span> <span class='ocrx_word' id='word_1_66' title='bbox 979 953 1212 1027; x_wconf 87' lang='lat' dir='ltr'><strong>penitus</strong></span> <span class='ocrx_word' id='word_1_67' title='bbox 1229 976 1245 1007; x_wconf 64' lang='grc' dir='ltr'>ι</span> <span class='ocrx_word' id='word_1_68' title='bbox 1287 954 1536 1027; x_wconf 89' lang='lat' dir='ltr'><strong>amplius</strong></span> <span class='ocrx_word' id='word_1_69' title='bbox 1553 948 1681 1024; x_wconf 82' lang='lat' dir='ltr'><strong>jam</strong></span> <span class='ocrx_word' id='word_1_70' title='bbox 1707 952 1866 1010; x_wconf 82' lang='lat' dir='ltr'><strong>nulla</strong></span> <span class='ocrx_word' id='word_1_71' title='bbox 1889 968 2037 1011; x_wconf 88' lang='lat' dir='ltr'><strong>sum.</strong></span> 
     </span>
    </p>

    <p class='ocr_par' dir='ltr' id='par_1_8' title="bbox 277 1029 2352 1190">
     <span class='ocr_line' id='line_1_13' title="bbox 317 1029 2352 1109; baseline -0.001 -21"><span class='ocrx_word' id='word_1_72' title='bbox 317 1030 576 1090; x_wconf 61' lang='lat' dir='ltr'><strong>mLYT.</strong></span> <span class='ocrx_word' id='word_1_73' title='bbox 615 1029 710 1087; x_wconf 87' lang='lat' dir='ltr'><strong>Tu</strong></span> <span class='ocrx_word' id='word_1_74' title='bbox 736 1045 858 1088; x_wconf 85' lang='lat' dir='ltr'><strong>rem</strong></span> <span class='ocrx_word' id='word_1_75' title='bbox 903 1039 1069 1088; x_wconf 86' lang='lat' dir='ltr'><strong>tuam</strong></span> <span class='ocrx_word' id='word_1_76' title='bbox 1094 1048 1238 1108; x_wconf 86' lang='lat' dir='ltr'><strong>age:</strong></span> <span class='ocrx_word' id='word_1_77' title='bbox 1283 1039 1351 1089; x_wconf 81' lang='lat' dir='ltr'><strong>tu</strong></span> <span class='ocrx_word' id='word_1_78' title='bbox 1377 1049 1532 1100; x_wconf 90' lang='lat' dir='ltr'><strong>vero,</strong></span> <span class='ocrx_word' id='word_1_79' title='bbox 1559 1033 1785 1109; x_wconf 88' lang='lat' dir='ltr'><strong>hospes,</strong></span> <span class='ocrx_word' id='word_1_80' title='bbox 1822 1045 2022 1090; x_wconf 86' lang='lat' dir='ltr'><strong>verum</strong></span> <span class='ocrx_word' id='word_1_81' title='bbox 2047 1029 2142 1088; x_wconf 87' lang='lat' dir='ltr'><strong>dic</strong></span> <span class='ocrx_word' id='word_1_82' title='bbox 2184 1030 2352 1097; x_wconf 86' lang='lat' dir='ltr'><strong>mihi,</strong></span> 
     </span>
     <span class='ocr_line' id='line_1_14' title="bbox 277 1109 896 1190; baseline -0.002 -23"><span class='ocrx_word' id='word_1_83' title='bbox 277 1117 386 1190; x_wconf 78' lang='lat' dir='ltr'><strong>quo</strong></span> <span class='ocrx_word' id='word_1_84' title='bbox 407 1110 584 1185; x_wconf 82' lang='lat' dir='ltr'><strong>periit</strong></span> <span class='ocrx_word' id='word_1_85' title='bbox 608 1109 803 1167; x_wconf 87' lang='lat' dir='ltr'><strong>modo.</strong></span> <span class='ocrx_word' id='word_1_86' title='bbox 887 1122 896 1125; x_wconf 76' lang='grc'><em>·</em></span> 
     </span>
    </p>

    <p class='ocr_par' dir='ltr' id='par_1_9' title="bbox 278 1188 2508 1581">
     <span class='ocr_line' id='line_1_15' title="bbox 321 1188 2508 1267; baseline -0.001 -20"><span class='ocrx_word' id='word_1_87' title='bbox 321 1189 553 1247; x_wconf 65' lang='grc' dir='ltr'>ῬΞᾸ).</span> <span class='ocrx_word' id='word_1_88' title='bbox 592 1188 772 1264; x_wconf 84' lang='lat' dir='ltr'><strong>Atqui</strong></span> <span class='ocrx_word' id='word_1_89' title='bbox 817 1189 925 1246; x_wconf 83' lang='lat' dir='ltr'><strong>hac</strong></span> <span class='ocrx_word' id='word_1_90' title='bbox 973 1189 1165 1265; x_wconf 84' lang='lat' dir='ltr'><strong>gratia</strong></span> <span class='ocrx_word' id='word_1_91' title='bbox 1215 1190 1422 1247; x_wconf 86' lang='lat' dir='ltr'><strong>missus</strong></span> <span class='ocrx_word' id='word_1_92' title='bbox 1472 1207 1625 1257; x_wconf 86' lang='lat' dir='ltr'><strong>sum,</strong></span> <span class='ocrx_word' id='word_1_93' title='bbox 1678 1203 1919 1267; x_wconf 86' lang='lat' dir='ltr'><strong>remque</strong></span> <span class='ocrx_word' id='word_1_94' title='bbox 1960 1188 2072 1246; x_wconf 88' lang='lat' dir='ltr'><strong>tibi</strong></span> <span class='ocrx_word' id='word_1_95' title='bbox 2116 1205 2354 1246; x_wconf 89' lang='lat' dir='ltr'><strong>omnem</strong></span> <span class='ocrx_word' id='word_1_96' title='bbox 2386 1190 2508 1244; x_wconf 83' lang='lat'><strong>680</strong></span> 
     </span>
     <span class='ocr_line' id='line_1_16' title="bbox 279 1265 2491 1328; baseline -0 -3"><span class='ocrx_word' id='word_1_97' title='bbox 279 1268 572 1327; x_wconf 74' lang='lat' dir='ltr'><strong>enarrabo,</strong></span> <span class='ocrx_word' id='word_1_98' title='bbox 596 1266 797 1328; x_wconf 87' lang='lat' dir='ltr'><strong>Quum</strong></span> <span class='ocrx_word' id='word_1_99' title='bbox 825 1267 984 1322; x_wconf 84' lang='lat' dir='ltr'><strong>enim</strong></span> <span class='ocrx_word' id='word_1_100' title='bbox 1010 1267 1109 1324; x_wconf 84' lang='lat' dir='ltr'><strong>ine</strong></span> <span class='ocrx_word' id='word_1_101' title='bbox 1136 1270 1380 1325; x_wconf 82' lang='lat' dir='ltr'><strong>venisset</strong></span> <span class='ocrx_word' id='word_1_102' title='bbox 1397 1269 1471 1326; x_wconf 88' lang='lat' dir='ltr'><strong>ad</strong></span> <span class='ocrx_word' id='word_1_103' title='bbox 1497 1265 1922 1326; x_wconf 75' lang='lat' dir='ltr'><strong>nobilissimum</strong></span> <span class='ocrx_word' id='word_1_104' title='bbox 1948 1268 2189 1325; x_wconf 81' lang='lat' dir='ltr'><strong>Graeciae</strong></span> <span class='ocrx_word' id='word_1_105' title='bbox 2216 1285 2356 1324; x_wconf 88' lang='lat' dir='ltr'><strong>con·</strong></span> <span class='ocrx_word' id='word_1_106' title='bbox 2482 1293 2491 1300; x_wconf 71' lang='lat'><strong>,</strong></span> 
     </span>
     <span class='ocr_line' id='line_1_17' title="bbox 281 1346 2357 1423; baseline 0 -22"><span class='ocrx_word' id='word_1_107' title='bbox 281 1356 533 1414; x_wconf 79' lang='lat' dir='ltr'><strong>ventum,</strong></span> <span class='ocrx_word' id='word_1_108' title='bbox 560 1346 879 1421; x_wconf 79' lang='lat' dir='ltr'><strong>Delphicos</strong></span> <span class='ocrx_word' id='word_1_109' title='bbox 905 1355 1143 1422; x_wconf 89' lang='lat' dir='ltr'><strong>propter</strong></span> <span class='ocrx_word' id='word_1_110' title='bbox 1184 1347 1372 1415; x_wconf 83' lang='lat' dir='ltr'><strong>ludOS,</strong></span> <span class='ocrx_word' id='word_1_111' title='bbox 1396 1349 1568 1406; x_wconf 83' lang='lat' dir='ltr'><strong>simul</strong></span> <span class='ocrx_word' id='word_1_112' title='bbox 1613 1366 1680 1406; x_wconf 84' lang='lat' dir='ltr'><strong>ac</strong></span> <span class='ocrx_word' id='word_1_113' title='bbox 1705 1347 1921 1404; x_wconf 77' lang='lat' dir='ltr'><strong>audivit</strong></span> <span class='ocrx_word' id='word_1_114' title='bbox 1946 1346 2101 1403; x_wconf 87' lang='lat' dir='ltr'><strong>clara</strong></span> <span class='ocrx_word' id='word_1_115' title='bbox 2136 1363 2357 1423; x_wconf 69' lang='lat' dir='ltr'><strong>praeco·</strong></span> 
     </span>
     <span class='ocr_line' id='line_1_18' title="bbox 278 1424 2506 1501; baseline -0.001 -17"><span class='ocrx_word' id='word_1_116' title='bbox 278 1427 362 1484; x_wconf 80' lang='lat' dir='ltr'><strong>nis</strong></span> <span class='ocrx_word' id='word_1_117' title='bbox 386 1439 534 1484; x_wconf 82' lang='lat' dir='ltr'><strong>voce</strong></span> <span class='ocrx_word' id='word_1_118' title='bbox 551 1443 786 1483; x_wconf 85' lang='lat' dir='ltr'><strong>cursum</strong></span> <span class='ocrx_word' id='word_1_119' title='bbox 811 1424 1006 1489; x_wconf 85' lang='lat' dir='ltr'><strong>indici,</strong></span> <span class='ocrx_word' id='word_1_120' title='bbox 1035 1443 1152 1501; x_wconf 90' lang='lat' dir='ltr'><strong>quo</strong></span> <span class='ocrx_word' id='word_1_121' title='bbox 1176 1428 1434 1501; x_wconf 88' lang='lat' dir='ltr'><strong>primum</strong></span> <span class='ocrx_word' id='word_1_122' title='bbox 1459 1427 1735 1486; x_wconf 87' lang='lat' dir='ltr'><strong>contendi</strong></span> <span class='ocrx_word' id='word_1_123' title='bbox 1759 1426 1925 1490; x_wconf 88' lang='lat' dir='ltr'><strong>solet,</strong></span> <span class='ocrx_word' id='word_1_124' title='bbox 1950 1426 2355 1501; x_wconf 81' lang='lat' dir='ltr'><strong>ingressusest</strong></span> <span class='ocrx_word' id='word_1_125' title='bbox 2389 1426 2506 1482; x_wconf 75' lang='lat'><strong>685</strong></span> 
     </span>
     <span class='ocr_line' id='line_1_19' title="bbox 278 1503 2356 1581; baseline 0 -19"><span class='ocrx_word' id='word_1_126' title='bbox 278 1503 1036 1581; x_wconf 47' lang='lat' dir='ltr'><strong>splendidum-omnibusque</strong></span> <span class='ocrx_word' id='word_1_127' title='bbox 1063 1505 1160 1580; x_wconf 85' lang='lat' dir='ltr'><strong>qui</strong></span> <span class='ocrx_word' id='word_1_128' title='bbox 1188 1505 1430 1563; x_wconf 84' lang='lat' dir='ltr'><strong>aderant</strong></span> <span class='ocrx_word' id='word_1_129' title='bbox 1451 1505 1862 1563; x_wconf 85' lang='lat' dir='ltr'><strong>admirandus:</strong></span> <span class='ocrx_word' id='word_1_130' title='bbox 1886 1517 2131 1561; x_wconf 75' lang='lat' dir='ltr'><strong>‘emenso</strong></span> <span class='ocrx_word' id='word_1_131' title='bbox 2156 1513 2356 1563; x_wconf 87' lang='lat' dir='ltr'><strong>autem</strong></span> 
     </span>
    </p>
   </div>
   <div class='ocr_carea' id='block_1_6' title="bbox 220 1581 2360 1662">
    <p class='ocr_par' dir='ltr' id='par_1_10' title="bbox 220 1581 2360 1662">
     <span class='ocr_line' id='line_1_20' title="bbox 220 1581 2360 1662; baseline 0.001 -23"><span class='ocrx_word' id='word_1_132' title='bbox 220 1583 227 1591; x_wconf 87' lang='lat'>&#39;</span> <span class='ocrx_word' id='word_1_133' title='bbox 275 1589 433 1641; x_wconf 87' lang='lat' dir='ltr'><strong>tanta</strong></span> <span class='ocrx_word' id='word_1_134' title='bbox 477 1584 777 1641; x_wconf 82' lang='lat' dir='ltr'><strong>celeritate</strong></span> <span class='ocrx_word' id='word_1_135' title='bbox 803 1581 1007 1647; x_wconf 79' lang='lat' dir='ltr'><strong>stadie,</strong></span> <span class='ocrx_word' id='word_1_136' title='bbox 1034 1596 1103 1638; x_wconf 87' lang='lat' dir='ltr'><strong>ut</strong></span> <span class='ocrx_word' id='word_1_137' title='bbox 1147 1586 1304 1640; x_wconf 87' lang='lat' dir='ltr'><strong>inter</strong></span> <span class='ocrx_word' id='word_1_138' title='bbox 1344 1601 1602 1642; x_wconf 79' lang='lat' dir='ltr'><strong>carceres</strong></span> <span class='ocrx_word' id='word_1_139' title='bbox 1635 1592 1696 1642; x_wconf 88' lang='lat' dir='ltr'><strong>et</strong></span> <span class='ocrx_word' id='word_1_140' title='bbox 1741 1592 1957 1641; x_wconf 87' lang='lat' dir='ltr'><strong>metam</strong></span> <span class='ocrx_word' id='word_1_141' title='bbox 2002 1584 2098 1641; x_wconf 73' lang='lat' dir='ltr'><strong>vix</strong></span> <span class='ocrx_word' id='word_1_142' title='bbox 2137 1582 2360 1662; x_wconf 82' lang='lat' dir='ltr'><strong>aliquid.</strong></span> 
     </span>
    </p>
   </div>
   <div class='ocr_carea' id='block_1_7' title="bbox 277 1661 2549 4429">
    <p class='ocr_par' dir='ltr' id='par_1_11' title="bbox 277 1661 2513 2055">
     <span class='ocr_line' id='line_1_21' title="bbox 278 1661 2357 1739; baseline -0 -19"><span class='ocrx_word' id='word_1_143' title='bbox 278 1664 440 1739; x_wconf 81' lang='lat' dir='ltr'><strong>spatii</strong></span> <span class='ocrx_word' id='word_1_144' title='bbox 464 1679 591 1719; x_wconf 84' lang='lat' dir='ltr'><strong>esse</strong></span> <span class='ocrx_word' id='word_1_145' title='bbox 614 1661 927 1725; x_wconf 76' lang='lat' dir='ltr'><strong>videretur,</strong></span> <span class='ocrx_word' id='word_1_146' title='bbox 954 1678 1218 1736; x_wconf 84' lang='lat' dir='ltr'><strong>egressus</strong></span> <span class='ocrx_word' id='word_1_147' title='bbox 1242 1670 1350 1730; x_wconf 90' lang='lat' dir='ltr'><strong>est,</strong></span> <span class='ocrx_word' id='word_1_148' title='bbox 1376 1679 1673 1721; x_wconf 88' lang='lat' dir='ltr'><strong>summum</strong></span> <span class='ocrx_word' id='word_1_149' title='bbox 1699 1664 1952 1720; x_wconf 76' lang='lat' dir='ltr'><strong>victoriae</strong></span> <span class='ocrx_word' id='word_1_150' title='bbox 1995 1662 2170 1719; x_wconf 76' lang='lat' dir='ltr'><strong>demis</strong></span> <span class='ocrx_word' id='word_1_151' title='bbox 2195 1662 2357 1719; x_wconf 84' lang='lat' dir='ltr'><strong>aufe-</strong></span> 
     </span>
     <span class='ocr_line' id='line_1_22' title="bbox 277 1740 2448 1818; baseline -0 -19"><span class='ocrx_word' id='word_1_152' title='bbox 277 1757 436 1799; x_wconf 79' lang='lat' dir='ltr'><strong>rens:</strong></span> <span class='ocrx_word' id='word_1_153' title='bbox 482 1751 659 1817; x_wconf 86' lang='lat' dir='ltr'><strong>atque</strong></span> <span class='ocrx_word' id='word_1_154' title='bbox 684 1748 753 1797; x_wconf 89' lang='lat' dir='ltr'><strong>ut</strong></span> <span class='ocrx_word' id='word_1_155' title='bbox 840 1740 967 1796; x_wconf 86' lang='lat' dir='ltr'><strong>ulta</strong></span> <span class='ocrx_word' id='word_1_156' title='bbox 1006 1743 1200 1814; x_wconf 79' lang='lat' dir='ltr'><strong>paucis</strong></span> <span class='ocrx_word' id='word_1_157' title='bbox 1226 1744 1599 1818; x_wconf 84' lang='lat' dir='ltr'><strong>complectar,</strong></span> <span class='ocrx_word' id='word_1_158' title='bbox 1627 1761 1746 1799; x_wconf 89' lang='lat' dir='ltr'><strong>non</strong></span> <span class='ocrx_word' id='word_1_159' title='bbox 1774 1743 1923 1799; x_wconf 75' lang='lat' dir='ltr'><strong>alius</strong></span> <span class='ocrx_word' id='word_1_160' title='bbox 1950 1741 2056 1798; x_wconf 80' lang='lat' dir='ltr'><strong>viri</strong></span> <span class='ocrx_word' id='word_1_161' title='bbox 2083 1741 2222 1798; x_wconf 81' lang='lat' dir='ltr'><strong>talia</strong></span> <span class='ocrx_word' id='word_1_162' title='bbox 2252 1759 2359 1798; x_wconf 86' lang='lat' dir='ltr'><strong>no·</strong></span> <span class='ocrx_word' id='word_1_163' title='bbox 2442 1802 2448 1808; x_wconf 63' lang='grc'>,</span> 
     </span>
     <span class='ocr_line' id='line_1_23' title="bbox 280 1818 2513 1898; baseline 0.002 -23"><span class='ocrx_word' id='word_1_164' title='bbox 280 1821 332 1875; x_wconf 81' lang='lat' dir='ltr'><strong>vi</strong></span> <span class='ocrx_word' id='word_1_165' title='bbox 352 1820 520 1883; x_wconf 79' lang='lat' dir='ltr'><strong>facta,</strong></span> <span class='ocrx_word' id='word_1_166' title='bbox 551 1835 661 1876; x_wconf 87' lang='lat' dir='ltr'><strong>nec</strong></span> <span class='ocrx_word' id='word_1_167' title='bbox 709 1825 732 1874; x_wconf 96' lang='lat' dir='ltr'><strong>t</strong></span> <span class='ocrx_word' id='word_1_168' title='bbox 790 1838 825 1873; x_wconf 86' lang='lat' dir='ltr'><strong>e</strong></span> <span class='ocrx_word' id='word_1_169' title='bbox 870 1818 1069 1877; x_wconf 85' lang='lat' dir='ltr'><strong>robur.</strong></span> <span class='ocrx_word' id='word_1_170' title='bbox 1150 1821 1361 1878; x_wconf 88' lang='lat' dir='ltr'><strong>Unum·</strong></span> <span class='ocrx_word' id='word_1_171' title='bbox 1392 1831 1589 1879; x_wconf 87' lang='lat' dir='ltr'><strong>autem</strong></span> <span class='ocrx_word' id='word_1_172' title='bbox 1631 1823 1813 1878; x_wconf 88' lang='lat' dir='ltr'><strong>scito:</strong></span> <span class='ocrx_word' id='word_1_173' title='bbox 1857 1831 2359 1898; x_wconf 80' lang='lat' dir='ltr'><strong>quorumcumque</strong></span> <span class='ocrx_word' id='word_1_174' title='bbox 2391 1822 2513 1879; x_wconf 81' lang='grc'><strong>690</strong></span> 
     </span>
     <span class='ocr_line' id='line_1_24' title="bbox 279 1898 2358 1975; baseline 0.001 -21"><span class='ocrx_word' id='word_1_175' title='bbox 279 1900 429 1955; x_wconf 85' lang='lat' dir='ltr'><strong>enim</strong></span> <span class='ocrx_word' id='word_1_176' title='bbox 472 1899 866 1973; x_wconf 76' lang='lat' dir='ltr'><strong>certaminum</strong></span> <span class='ocrx_word' id='word_1_177' title='bbox 908 1914 944 1953; x_wconf 89' lang='lat' dir='ltr'><strong>a</strong></span> <span class='ocrx_word' id='word_1_178' title='bbox 981 1898 1254 1955; x_wconf 79' lang='lat' dir='ltr'><strong>ludorum</strong></span> <span class='ocrx_word' id='word_1_179' title='bbox 1295 1900 1526 1957; x_wconf 86' lang='lat' dir='ltr'><strong>arbitris</strong></span> <span class='ocrx_word' id='word_1_180' title='bbox 1575 1901 1794 1957; x_wconf 87' lang='lat' dir='ltr'><strong>indicta</strong></span> <span class='ocrx_word' id='word_1_181' title='bbox 1837 1900 1999 1956; x_wconf 81' lang='lat' dir='ltr'><strong>fuere</strong></span> <span class='ocrx_word' id='word_1_182' title='bbox 2038 1916 2149 1975; x_wconf 86' lang='lat' dir='ltr'><strong>pro</strong></span> <span class='ocrx_word' id='word_1_183' title='bbox 2195 1917 2358 1957; x_wconf 89' lang='lat' dir='ltr'><strong>more</strong></span> 
     </span>
     <span class='ocr_line' id='line_1_25' title="bbox 281 1977 2360 2055; baseline 0.001 -21"><span class='ocrx_word' id='word_1_184' title='bbox 281 1978 665 2055; x_wconf 68' lang='lat' dir='ltr'><strong>quinquertia,</strong></span> <span class='ocrx_word' id='word_1_185' title='bbox 694 1977 906 2034; x_wconf 89' lang='lat' dir='ltr'><strong>horum</strong></span> <span class='ocrx_word' id='word_1_186' title='bbox 943 1978 1208 2034; x_wconf 88' lang='lat' dir='ltr'><strong>omnium</strong></span> <span class='ocrx_word' id='word_1_187' title='bbox 1239 1978 1420 2036; x_wconf 78' lang='lat' dir='ltr'><strong>victor</strong></span> <span class='ocrx_word' id='word_1_188' title='bbox 1457 1980 1717 2035; x_wconf 82' lang='lat' dir='ltr'><strong>maximo</strong></span> <span class='ocrx_word' id='word_1_189' title='bbox 1741 1979 1947 2055; x_wconf 86' lang='lat' dir='ltr'><strong>plausu</strong></span> <span class='ocrx_word' id='word_1_190' title='bbox 1989 1980 2360 2036; x_wconf 83' lang='lat' dir='ltr'><strong>renuntiatus</strong></span> 
     </span>
    </p>

    <p class='ocr_par' dir='ltr' id='par_1_12' title="bbox 279 2054 2510 2293">
     <span class='ocr_line' id='line_1_26' title="bbox 279 2054 2503 2134; baseline 0 -20"><span class='ocrx_word' id='word_1_191' title='bbox 279 2061 381 2124; x_wconf 82' lang='lat' dir='ltr'><strong>est,</strong></span> <span class='ocrx_word' id='word_1_192' title='bbox 407 2057 611 2114; x_wconf 83' lang='lat' dir='ltr'><strong>beatus</strong></span> <span class='ocrx_word' id='word_1_193' title='bbox 635 2056 709 2114; x_wconf 90' lang='lat' dir='ltr'><strong>ab</strong></span> <span class='ocrx_word' id='word_1_194' title='bbox 735 2054 1006 2112; x_wconf 89' lang='lat' dir='ltr'><strong>omnibus</strong></span> <span class='ocrx_word' id='word_1_195' title='bbox 1024 2056 1387 2131; x_wconf 86' lang='lat' dir='ltr'><strong>praedicatus,</strong></span> <span class='ocrx_word' id='word_1_196' title='bbox 1412 2057 1663 2133; x_wconf 86' lang='lat' dir='ltr'><strong>Argivus</strong></span> <span class='ocrx_word' id='word_1_197' title='bbox 1689 2057 1921 2134; x_wconf 87' lang='lat' dir='ltr'><strong>quidem</strong></span> <span class='ocrx_word' id='word_1_198' title='bbox 1949 2056 2361 2132; x_wconf 80' lang='lat' dir='ltr'><strong>proclamatus,</strong></span> <span class='ocrx_word' id='word_1_199' title='bbox 2497 2123 2503 2130; x_wconf 26' lang='lat'>³</span> 
     </span>
     <span class='ocr_line' id='line_1_27' title="bbox 281 2134 2510 2213; baseline -0.001 -20"><span class='ocrx_word' id='word_1_200' title='bbox 281 2137 512 2193; x_wconf 81' lang='lat' dir='ltr'><strong>nomine</strong></span> <span class='ocrx_word' id='word_1_201' title='bbox 538 2143 739 2193; x_wconf 88' lang='lat' dir='ltr'><strong>autem</strong></span> <span class='ocrx_word' id='word_1_202' title='bbox 779 2134 1035 2199; x_wconf 84' lang='lat' dir='ltr'><strong>Orestes,</strong></span> <span class='ocrx_word' id='word_1_203' title='bbox 1062 2135 1518 2211; x_wconf 83' lang='lat' dir='ltr'><strong>Agamemnonis</strong></span> <span class='ocrx_word' id='word_1_204' title='bbox 1554 2137 1726 2203; x_wconf 84' lang='lat' dir='ltr'><strong>filius,</strong></span> <span class='ocrx_word' id='word_1_205' title='bbox 1752 2135 1921 2192; x_wconf 79' lang='lat' dir='ltr'><strong>illius</strong></span> <span class='ocrx_word' id='word_1_206' title='bbox 1951 2137 2051 2213; x_wconf 89' lang='lat' dir='ltr'><strong>qui</strong></span> <span class='ocrx_word' id='word_1_207' title='bbox 2078 2135 2362 2212; x_wconf 84' lang='lat' dir='ltr'><strong>inclytum</strong></span> <span class='ocrx_word' id='word_1_208' title='bbox 2393 2135 2510 2193; x_wconf 78' lang='lat'><strong>693</strong></span> 
     </span>
     <span class='ocr_line' id='line_1_28' title="bbox 280 2213 2426 2293; baseline 0.002 -22"><span class='ocrx_word' id='word_1_209' title='bbox 280 2213 417 2273; x_wconf 85' lang='lat' dir='ltr'><strong>olim</strong></span> <span class='ocrx_word' id='word_1_210' title='bbox 443 2216 689 2272; x_wconf 77' lang='lat' dir='ltr'><strong>Graeciae</strong></span> <span class='ocrx_word' id='word_1_211' title='bbox 712 2214 1089 2291; x_wconf 83' lang='lat' dir='ltr'><strong>congregavit</strong></span> <span class='ocrx_word' id='word_1_212' title='bbox 1114 2216 1452 2273; x_wconf 85' lang='lat' dir='ltr'><strong>exercitum.</strong></span> <span class='ocrx_word' id='word_1_213' title='bbox 1516 2213 1601 2271; x_wconf 88' lang='lat' dir='ltr'><strong>Et</strong></span> <span class='ocrx_word' id='word_1_214' title='bbox 1628 2217 1750 2272; x_wconf 86' lang='lat' dir='ltr'><strong>haec</strong></span> <span class='ocrx_word' id='word_1_215' title='bbox 1791 2214 2025 2293; x_wconf 88' lang='lat' dir='ltr'><strong>quidem</strong></span> <span class='ocrx_word' id='word_1_216' title='bbox 2054 2216 2142 2271; x_wconf 81' lang='lat' dir='ltr'><strong>ita</strong></span> <span class='ocrx_word' id='word_1_217' title='bbox 2179 2219 2316 2289; x_wconf 86' lang='lat' dir='ltr'><strong>sunt</strong></span> <span class='ocrx_word' id='word_1_218' title='bbox 2341 2237 2355 2271; x_wconf 71' lang='grc' dir='ltr'><strong>ε</strong></span> <span class='ocrx_word' id='word_1_219' title='bbox 2382 2250 2386 2254; x_wconf 63' lang='grc'><strong><em>«</em></strong></span> <span class='ocrx_word' id='word_1_220' title='bbox 2417 2268 2426 2276; x_wconf 92' lang='grc'><strong>.</strong></span> 
     </span>
    </p>

    <p class='ocr_par' dir='ltr' id='par_1_13' title="bbox 281 2289 2549 3086">
     <span class='ocr_line' id='line_1_29' title="bbox 281 2289 2362 2371; baseline 0.001 -22"><span class='ocrx_word' id='word_1_221' title='bbox 281 2293 329 2350; x_wconf 90' lang='lat' dir='ltr'><strong>si</strong></span> <span class='ocrx_word' id='word_1_222' title='bbox 353 2311 487 2352; x_wconf 82' lang='lat' dir='ltr'><strong>vero</strong></span> <span class='ocrx_word' id='word_1_223' title='bbox 513 2292 677 2351; x_wconf 83' lang='lat' dir='ltr'><strong>Deus</strong></span> <span class='ocrx_word' id='word_1_224' title='bbox 748 2293 840 2350; x_wconf 89' lang='lat' dir='ltr'><strong>uis</strong></span> <span class='ocrx_word' id='word_1_225' title='bbox 883 2293 1220 2368; x_wconf 76' lang='lat' dir='ltr'><strong>praepediat,</strong></span> <span class='ocrx_word' id='word_1_226' title='bbox 1264 2311 1342 2351; x_wconf 87' lang='lat' dir='ltr'><strong>ne</strong></span> <span class='ocrx_word' id='word_1_227' title='bbox 1374 2302 1652 2370; x_wconf 85' lang='lat' dir='ltr'><strong>praestans</strong></span> <span class='ocrx_word' id='word_1_228' title='bbox 1699 2294 1935 2371; x_wconf 87' lang='lat' dir='ltr'><strong>quidem</strong></span> <span class='ocrx_word' id='word_1_229' title='bbox 1977 2293 2188 2351; x_wconf 86' lang='lat' dir='ltr'><strong>robore</strong></span> <span class='ocrx_word' id='word_1_230' title='bbox 2214 2289 2362 2351; x_wconf 81' lang='lat' dir='ltr'><strong>effu-</strong></span> 
     </span>
     <span class='ocr_line' id='line_1_30' title="bbox 282 2312 2361 2451; baseline -0 -21"><span class='ocrx_word' id='word_1_231' title='bbox 282 2389 415 2447; x_wconf 63' lang='lat' dir='ltr'><strong>gere</strong></span> <span class='ocrx_word' id='word_1_232' title='bbox 440 2373 640 2450; x_wconf 81' lang='lat' dir='ltr'><strong>possit.</strong></span> <span class='ocrx_word' id='word_1_233' title='bbox 710 2312 1026 2432; x_wconf 47' lang='lat' dir='ltr'><strong>ffile&#39;enim</strong></span> <span class='ocrx_word' id='word_1_234' title='bbox 1050 2382 1287 2449; x_wconf 83' lang='lat' dir='ltr'><strong>postero</strong></span> <span class='ocrx_word' id='word_1_235' title='bbox 1311 2373 1439 2441; x_wconf 86' lang='lat' dir='ltr'><strong>die,</strong></span> <span class='ocrx_word' id='word_1_236' title='bbox 1466 2392 1649 2451; x_wconf 86' lang='lat' dir='ltr'><strong>quum</strong></span> <span class='ocrx_word' id='word_1_237' title='bbox 1678 2374 1902 2430; x_wconf 87' lang='lat' dir='ltr'><strong>oriente</strong></span> <span class='ocrx_word' id='word_1_238' title='bbox 1944 2372 2066 2430; x_wconf 87' lang='lat' dir='ltr'><strong>sole</strong></span> <span class='ocrx_word' id='word_1_239' title='bbox 2089 2373 2361 2429; x_wconf 82' lang='lat' dir='ltr'><strong>commit-</strong></span> 
     </span>
     <span class='ocr_line' id='line_1_31' title="bbox 283 2451 2520 2530; baseline -0.001 -21"><span class='ocrx_word' id='word_1_240' title='bbox 283 2452 523 2511; x_wconf 86' lang='lat' dir='ltr'><strong>tendum</strong></span> <span class='ocrx_word' id='word_1_241' title='bbox 550 2459 701 2509; x_wconf 82' lang='lat' dir='ltr'><strong>esset</strong></span> <span class='ocrx_word' id='word_1_242' title='bbox 735 2452 902 2509; x_wconf 84' lang='lat' dir='ltr'><strong>velox</strong></span> <span class='ocrx_word' id='word_1_243' title='bbox 927 2461 1198 2527; x_wconf 83' lang='lat' dir='ltr'><strong>equestre</strong></span> <span class='ocrx_word' id='word_1_244' title='bbox 1231 2460 1546 2520; x_wconf 88' lang='lat' dir='ltr'><strong>certamen,</strong></span> <span class='ocrx_word' id='word_1_245' title='bbox 1573 2455 1866 2530; x_wconf 84' lang='lat' dir='ltr'><strong>ingressus</strong></span> <span class='ocrx_word' id='word_1_246' title='bbox 1890 2460 1976 2510; x_wconf 86' lang='lat' dir='ltr'><strong>est</strong></span> <span class='ocrx_word' id='word_1_247' title='bbox 2001 2470 2136 2510; x_wconf 86' lang='lat' dir='ltr'><strong>cum</strong></span> <span class='ocrx_word' id='word_1_248' title='bbox 2162 2452 2361 2511; x_wconf 84' lang='lat' dir='ltr'><strong>multis</strong></span> <span class='ocrx_word' id='word_1_249' title='bbox 2395 2451 2520 2512; x_wconf 78' lang='lat'><strong>‘700</strong></span> 
     </span>
     <span class='ocr_line' id='line_1_32' title="bbox 283 2530 2513 2611; baseline 0.001 -23"><span class='ocrx_word' id='word_1_250' title='bbox 283 2533 510 2608; x_wconf 77' lang='lat' dir='ltr'><strong>aurigis.</strong></span> <span class='ocrx_word' id='word_1_251' title='bbox 596 2531 764 2589; x_wconf 88' lang='lat' dir='ltr'><strong>Unus</strong></span> <span class='ocrx_word' id='word_1_252' title='bbox 800 2537 926 2590; x_wconf 88' lang='lat' dir='ltr'><strong>erat</strong></span> <span class='ocrx_word' id='word_1_253' title='bbox 970 2530 1240 2600; x_wconf 75' lang='lat' dir='ltr'><strong>Achivus,</strong></span> <span class='ocrx_word' id='word_1_254' title='bbox 1265 2549 1419 2590; x_wconf 88' lang='lat' dir='ltr'><strong>unus</strong></span> <span class='ocrx_word' id='word_1_255' title='bbox 1463 2551 1497 2589; x_wconf 89' lang='lat' dir='ltr'><strong>e</strong></span> <span class='ocrx_word' id='word_1_256' title='bbox 1542 2532 1769 2608; x_wconf 84' lang='lat' dir='ltr'><strong>Sparta,</strong></span> <span class='ocrx_word' id='word_1_257' title='bbox 1793 2531 1913 2589; x_wconf 89' lang='lat' dir='ltr'><strong>duo</strong></span> <span class='ocrx_word' id='word_1_258' title='bbox 1955 2530 2162 2611; x_wconf 83' lang='lat' dir='ltr'><strong>Libyes</strong></span> <span class='ocrx_word' id='word_1_259' title='bbox 2206 2531 2366 2590; x_wconf 86' lang='lat' dir='ltr'><strong>docti</strong></span> <span class='ocrx_word' id='word_1_260' title='bbox 2395 2573 2400 2583; x_wconf 83' lang='lat'><em>.</em></span> <span class='ocrx_word' id='word_1_261' title='bbox 2504 2596 2513 2605; x_wconf 22' lang='lat'>⁸</span> 
     </span>
     <span class='ocr_line' id='line_1_33' title="bbox 281 2608 2403 2689; baseline -0 -20"><span class='ocrx_word' id='word_1_262' title='bbox 281 2608 654 2688; x_wconf 67' lang='lat' dir='ltr'><strong>quadriiuges</strong></span> <span class='ocrx_word' id='word_1_263' title='bbox 678 2625 882 2668; x_wconf 84' lang='lat' dir='ltr'><strong>currus</strong></span> <span class='ocrx_word' id='word_1_264' title='bbox 906 2625 1132 2686; x_wconf 77' lang='lat' dir='ltr'><strong>regere,</strong></span> <span class='ocrx_word' id='word_1_265' title='bbox 1160 2610 1397 2688; x_wconf 85' lang='lat' dir='ltr'><strong>quintus</strong></span> <span class='ocrx_word' id='word_1_266' title='bbox 1421 2613 1545 2688; x_wconf 85' lang='lat' dir='ltr'><strong>ipse</strong></span> <span class='ocrx_word' id='word_1_267' title='bbox 1579 2611 1883 2670; x_wconf 85' lang='lat' dir='ltr'><strong>Thessalos</strong></span> <span class='ocrx_word' id='word_1_268' title='bbox 1908 2611 2123 2668; x_wconf 86' lang='lat' dir='ltr'><strong>ducens</strong></span> <span class='ocrx_word' id='word_1_269' title='bbox 2162 2628 2362 2689; x_wconf 85' lang='lat' dir='ltr'><strong>equos,</strong></span> <span class='ocrx_word' id='word_1_270' title='bbox 2398 2634 2403 2640; x_wconf 55' lang='lat'><strong>⁴</strong></span> 
     </span>
     <span class='ocr_line' id='line_1_34' title="bbox 282 2685 2516 2768; baseline 0.001 -21"><span class='ocrx_word' id='word_1_271' title='bbox 282 2698 470 2748; x_wconf 84' lang='lat' dir='ltr'><strong>sextus</strong></span> <span class='ocrx_word' id='word_1_272' title='bbox 495 2706 573 2748; x_wconf 83' lang='lat' dir='ltr'><strong>ex</strong></span> <span class='ocrx_word' id='word_1_273' title='bbox 593 2689 817 2748; x_wconf 84' lang='lat' dir='ltr'><strong>AEtolia</strong></span> <span class='ocrx_word' id='word_1_274' title='bbox 838 2705 972 2748; x_wconf 87' lang='lat' dir='ltr'><strong>cum</strong></span> <span class='ocrx_word' id='word_1_275' title='bbox 1002 2690 1160 2748; x_wconf 84' lang='lat' dir='ltr'><strong>flavis</strong></span> <span class='ocrx_word' id='word_1_276' title='bbox 1187 2692 1382 2767; x_wconf 73' lang='lat' dir='ltr'><strong>equis,</strong></span> <span class='ocrx_word' id='word_1_277' title='bbox 1407 2691 1690 2767; x_wconf 83' lang='lat' dir='ltr'><strong>septimus</strong></span> <span class='ocrx_word' id='word_1_278' title='bbox 1715 2693 1804 2748; x_wconf 80' lang='lat' dir='ltr'><strong>vir</strong></span> <span class='ocrx_word' id='word_1_279' title='bbox 1821 2688 2180 2768; x_wconf 83' lang='lat' dir='ltr'><strong>Magnesius,</strong></span> <span class='ocrx_word' id='word_1_280' title='bbox 2207 2698 2364 2749; x_wconf 82' lang='lat' dir='ltr'><strong>octa·</strong></span> <span class='ocrx_word' id='word_1_281' title='bbox 2397 2685 2516 2749; x_wconf 70' lang='lat'><strong>⁴705</strong></span> 
     </span>
     <span class='ocr_line' id='line_1_35' title="bbox 284 2767 2365 2846; baseline 0 -20"><span class='ocrx_word' id='word_1_282' title='bbox 284 2784 381 2826; x_wconf 84' lang='lat' dir='ltr'><strong>vus</strong></span> <span class='ocrx_word' id='word_1_283' title='bbox 404 2769 552 2827; x_wconf 86' lang='lat' dir='ltr'><strong>albis</strong></span> <span class='ocrx_word' id='word_1_284' title='bbox 576 2786 712 2827; x_wconf 85' lang='lat' dir='ltr'><strong>cum</strong></span> <span class='ocrx_word' id='word_1_285' title='bbox 745 2771 908 2846; x_wconf 85' lang='lat' dir='ltr'><strong>equis</strong></span> <span class='ocrx_word' id='word_1_286' title='bbox 949 2767 1172 2827; x_wconf 81' lang='lat' dir='ltr'><strong>AEnian</strong></span> <span class='ocrx_word' id='word_1_287' title='bbox 1206 2787 1446 2846; x_wconf 84' lang='lat' dir='ltr'><strong>genere,</strong></span> <span class='ocrx_word' id='word_1_288' title='bbox 1474 2787 1665 2827; x_wconf 88' lang='lat' dir='ltr'><strong>nonus</strong></span> <span class='ocrx_word' id='word_1_289' title='bbox 1691 2770 1766 2828; x_wconf 85' lang='lat' dir='ltr'><strong>ab</strong></span> <span class='ocrx_word' id='word_1_290' title='bbox 1784 2770 2049 2827; x_wconf 67' lang='lat' dir='ltr'><strong>‚Athenis</strong></span> <span class='ocrx_word' id='word_1_291' title='bbox 2088 2769 2365 2828; x_wconf 88' lang='lat' dir='ltr'><strong>divinitus</strong></span> 
     </span>
     <span class='ocr_line' id='line_1_36' title="bbox 281 2844 2549 2925; baseline 0.001 -21"><span class='ocrx_word' id='word_1_292' title='bbox 281 2848 548 2915; x_wconf 71' lang='lat' dir='ltr'><strong>mnditia,</strong></span> <span class='ocrx_word' id='word_1_293' title='bbox 573 2847 825 2925; x_wconf 84' lang='lat' dir='ltr'><strong>denique</strong></span> <span class='ocrx_word' id='word_1_294' title='bbox 849 2848 1134 2916; x_wconf 71' lang='lat' dir='ltr'><strong>BoeotiuS,</strong></span> <span class='ocrx_word' id='word_1_295' title='bbox 1161 2848 1366 2906; x_wconf 86' lang='lat' dir='ltr'><strong>decem</strong></span> <span class='ocrx_word' id='word_1_296' title='bbox 1396 2866 1675 2906; x_wconf 88' lang='lat' dir='ltr'><strong>curruum</strong></span> <span class='ocrx_word' id='word_1_297' title='bbox 1702 2849 2000 2924; x_wconf 87' lang='lat' dir='ltr'><strong>complens</strong></span> <span class='ocrx_word' id='word_1_298' title='bbox 2033 2844 2368 2907; x_wconf 61' lang='lat' dir='ltr'><strong>numerum.</strong></span> <span class='ocrx_word' id='word_1_299' title='bbox 2545 2917 2549 2921; x_wconf 39' lang='grc'><strong>,</strong></span> 
     </span>
     <span class='ocr_line' id='line_1_37' title="bbox 287 2923 2521 3005; baseline -0 -20"><span class='ocrx_word' id='word_1_300' title='bbox 287 2926 515 2985; x_wconf 67' lang='lat' dir='ltr'><strong>&amp;antes</strong></span> <span class='ocrx_word' id='word_1_301' title='bbox 548 2935 770 2994; x_wconf 81' lang='lat' dir='ltr'><strong>autem,</strong></span> <span class='ocrx_word' id='word_1_302' title='bbox 820 2929 919 2986; x_wconf 87' lang='lat' dir='ltr'><strong>ubi</strong></span> <span class='ocrx_word' id='word_1_303' title='bbox 958 2928 1276 3005; x_wconf 87' lang='lat' dir='ltr'><strong>unicuique</strong></span> <span class='ocrx_word' id='word_1_304' title='bbox 1315 2927 1527 2985; x_wconf 85' lang='lat' dir='ltr'><strong>delecti</strong></span> <span class='ocrx_word' id='word_1_305' title='bbox 1569 2927 1843 2985; x_wconf 88' lang='lat' dir='ltr'><strong>ludorum</strong></span> <span class='ocrx_word' id='word_1_306' title='bbox 1869 2927 2141 3002; x_wconf 66' lang='lat' dir='ltr'><strong>praesides</strong></span> <span class='ocrx_word' id='word_1_307' title='bbox 2179 2927 2367 2985; x_wconf 87' lang='lat' dir='ltr'><strong>ductis</strong></span> <span class='ocrx_word' id='word_1_308' title='bbox 2398 2923 2521 2984; x_wconf 82' lang='grc'><strong>710</strong></span> 
     </span>
     <span class='ocr_line' id='line_1_38' title="bbox 285 3004 2370 3086; baseline 0 -23"><span class='ocrx_word' id='word_1_309' title='bbox 285 3004 533 3064; x_wconf 76' lang='lat' dir='ltr'><strong>sortibus</strong></span> <span class='ocrx_word' id='word_1_310' title='bbox 555 3007 754 3065; x_wconf 81' lang='lat' dir='ltr'><strong>locum</strong></span> <span class='ocrx_word' id='word_1_311' title='bbox 797 3010 1250 3086; x_wconf 83' lang='lat' dir='ltr'><strong>assignaverant,</strong></span> <span class='ocrx_word' id='word_1_312' title='bbox 1280 3024 1513 3084; x_wconf 88' lang='lat' dir='ltr'><strong>quoque</strong></span> <span class='ocrx_word' id='word_1_313' title='bbox 1549 3006 1903 3063; x_wconf 79' lang='lat' dir='ltr'><strong>collocaram</strong></span> <span class='ocrx_word' id='word_1_314' title='bbox 1948 3006 2172 3073; x_wconf 89' lang='lat' dir='ltr'><strong>ordine,</strong></span> <span class='ocrx_word' id='word_1_315' title='bbox 2195 3006 2370 3065; x_wconf 82' lang='lat' dir='ltr'><strong>simul</strong></span> 
     </span>
    </p>

    <p class='ocr_par' dir='ltr' id='par_1_14' title="bbox 283 3085 2370 3163">
     <span class='ocr_line' id='line_1_39' title="bbox 283 3085 2370 3163; baseline -0 -21"><span class='ocrx_word' id='word_1_316' title='bbox 283 3100 354 3142; x_wconf 72' lang='lat' dir='ltr'><strong>ae</strong></span> <span class='ocrx_word' id='word_1_317' title='bbox 371 3085 519 3144; x_wconf 74' lang='lat' dir='ltr'><strong>tuba</strong></span> <span class='ocrx_word' id='word_1_318' title='bbox 540 3086 780 3162; x_wconf 81' lang='lat' dir='ltr'><strong>signum</strong></span> <span class='ocrx_word' id='word_1_319' title='bbox 804 3086 988 3153; x_wconf 90' lang='lat' dir='ltr'><strong>dedit,</strong></span> <span class='ocrx_word' id='word_1_320' title='bbox 1013 3094 1355 3162; x_wconf 87' lang='lat' dir='ltr'><strong>eruperunt,</strong></span> <span class='ocrx_word' id='word_1_321' title='bbox 1400 3086 1816 3161; x_wconf 86' lang='lat' dir='ltr'><strong>increpitantes</strong></span> <span class='ocrx_word' id='word_1_322' title='bbox 1864 3103 2061 3163; x_wconf 78' lang='lat' dir='ltr'><strong>equ05‚</strong></span> <span class='ocrx_word' id='word_1_323' title='bbox 2088 3085 2370 3144; x_wconf 85' lang='lat' dir='ltr'><strong>habenas-</strong></span> 
     </span>
    </p>

    <p class='ocr_par' dir='ltr' id='par_1_15' title="bbox 289 3164 2370 3242">
     <span class='ocr_line' id='line_1_40' title="bbox 289 3164 2370 3242; baseline 0 -19"><span class='ocrx_word' id='word_1_324' title='bbox 289 3180 396 3242; x_wconf 75' lang='lat' dir='ltr'><strong>que</strong></span> <span class='ocrx_word' id='word_1_325' title='bbox 421 3175 759 3242; x_wconf 75' lang='lat' dir='ltr'><strong>quassantes</strong></span> <span class='ocrx_word' id='word_1_326' title='bbox 803 3167 1072 3224; x_wconf 85' lang='lat' dir='ltr'><strong>manibus</strong></span> <span class='ocrx_word' id='word_1_327' title='bbox 1095 3189 1112 3236; x_wconf 93' lang='lat'>;</span> <span class='ocrx_word' id='word_1_328' title='bbox 1156 3172 1349 3223; x_wconf 86' lang='lat' dir='ltr'><strong>totum</strong></span> <span class='ocrx_word' id='word_1_329' title='bbox 1394 3164 1753 3241; x_wconf 87' lang='lat' dir='ltr'><strong>completum</strong></span> <span class='ocrx_word' id='word_1_330' title='bbox 1795 3171 1920 3222; x_wconf 86' lang='lat' dir='ltr'><strong>erat</strong></span> <span class='ocrx_word' id='word_1_331' title='bbox 1945 3164 2197 3222; x_wconf 85' lang='lat' dir='ltr'><strong>stadium</strong></span> <span class='ocrx_word' id='word_1_332' title='bbox 2222 3171 2370 3234; x_wconf 68' lang='lat' dir='ltr'><strong>stre-’-</strong></span> 
     </span>
    </p>

    <p class='ocr_par' dir='ltr' id='par_1_16' title="bbox 289 3235 2527 3801">
     <span class='ocr_line' id='line_1_41' title="bbox 290 3235 2523 3321; baseline -0 -20"><span class='ocrx_word' id='word_1_333' title='bbox 290 3243 413 3317; x_wconf 73' lang='lat' dir='ltr'><strong>pitu</strong></span> <span class='ocrx_word' id='word_1_334' title='bbox 431 3243 850 3319; x_wconf 82' lang='lat' dir='ltr'><strong>crepitantium</strong></span> <span class='ocrx_word' id='word_1_335' title='bbox 884 3262 1185 3310; x_wconf 87' lang='lat' dir='ltr'><strong>curruum,</strong></span> <span class='ocrx_word' id='word_1_336' title='bbox 1212 3244 1400 3320; x_wconf 84' lang='lat' dir='ltr'><strong>pulvis</strong></span> <span class='ocrx_word' id='word_1_337' title='bbox 1424 3246 1488 3302; x_wconf 91' lang='lat' dir='ltr'><strong>in</strong></span> <span class='ocrx_word' id='word_1_338' title='bbox 1514 3245 1700 3303; x_wconf 87' lang='lat' dir='ltr'><strong>altum</strong></span> <span class='ocrx_word' id='word_1_339' title='bbox 1724 3243 2197 3321; x_wconf 83' lang='lat' dir='ltr'><strong>glomerabatur3</strong></span> <span class='ocrx_word' id='word_1_340' title='bbox 2251 3261 2372 3302; x_wconf 89' lang='lat' dir='ltr'><strong>una</strong></span> <span class='ocrx_word' id='word_1_341' title='bbox 2402 3235 2523 3300; x_wconf 72' lang='lat'><strong>715</strong></span> 
     </span>
     <span class='ocr_line' id='line_1_42' title="bbox 289 3320 2372 3399; baseline 0 -20"><span class='ocrx_word' id='word_1_342' title='bbox 289 3320 485 3381; x_wconf 80' lang='lat' dir='ltr'><strong>omnes</strong></span> <span class='ocrx_word' id='word_1_343' title='bbox 502 3323 662 3381; x_wconf 85' lang='lat' dir='ltr'><strong>inter</strong></span> <span class='ocrx_word' id='word_1_344' title='bbox 676 3340 737 3379; x_wconf 91' lang='lat' dir='ltr'><strong>se</strong></span> <span class='ocrx_word' id='word_1_345' title='bbox 753 3324 1069 3390; x_wconf 82' lang='lat' dir='ltr'><strong>commisti,</strong></span> <span class='ocrx_word' id='word_1_346' title='bbox 1086 3322 1337 3380; x_wconf 86' lang='lat' dir='ltr'><strong>stimulis</strong></span> <span class='ocrx_word' id='word_1_347' title='bbox 1354 3323 1509 3380; x_wconf 87' lang='lat' dir='ltr'><strong>haud</strong></span> <span class='ocrx_word' id='word_1_348' title='bbox 1532 3324 1866 3399; x_wconf 84' lang='lat' dir='ltr'><strong>parcebant,</strong></span> <span class='ocrx_word' id='word_1_349' title='bbox 1886 3332 1955 3378; x_wconf 89' lang='lat' dir='ltr'><strong>ut</strong></span> <span class='ocrx_word' id='word_1_350' title='bbox 1970 3324 2118 3379; x_wconf 89' lang='lat' dir='ltr'><strong>alter</strong></span> <span class='ocrx_word' id='word_1_351' title='bbox 2132 3322 2372 3380; x_wconf 84' lang='lat' dir='ltr'><strong>alterius</strong></span> 
     </span>
     <span class='ocr_line' id='line_1_43' title="bbox 292 3398 2372 3482; baseline -0 -23"><span class='ocrx_word' id='word_1_352' title='bbox 292 3407 440 3461; x_wconf 73' lang='lat' dir='ltr'><strong>rotas</strong></span> <span class='ocrx_word' id='word_1_353' title='bbox 462 3402 897 3480; x_wconf 74' lang='lat' dir='ltr'><strong>foementesque</strong></span> <span class='ocrx_word' id='word_1_354' title='bbox 925 3420 1106 3482; x_wconf 89' lang='lat' dir='ltr'><strong>equos</strong></span> <span class='ocrx_word' id='word_1_355' title='bbox 1131 3410 1542 3478; x_wconf 76' lang='lat' dir='ltr'><strong>praeverteret:</strong></span> <span class='ocrx_word' id='word_1_356' title='bbox 1575 3398 1828 3480; x_wconf 74' lang='lat' dir='ltr'><strong>namque</strong></span> <span class='ocrx_word' id='word_1_357' title='bbox 1843 3403 2090 3459; x_wconf 85' lang='lat' dir='ltr'><strong>conferti</strong></span> <span class='ocrx_word' id='word_1_358' title='bbox 2111 3403 2248 3478; x_wconf 89' lang='lat' dir='ltr'><strong>equi</strong></span> <span class='ocrx_word' id='word_1_359' title='bbox 2273 3402 2372 3459; x_wconf 84' lang='lat' dir='ltr'><strong>alii</strong></span> 
     </span>
     <span class='ocr_line' id='line_1_44' title="bbox 293 3478 2374 3558; baseline 0.001 -23"><span class='ocrx_word' id='word_1_360' title='bbox 293 3478 536 3542; x_wconf 83' lang='lat' dir='ltr'><strong>aliorum</strong></span> <span class='ocrx_word' id='word_1_361' title='bbox 572 3482 698 3538; x_wconf 83' lang='lat' dir='ltr'><strong>auri</strong></span> <span class='ocrx_word' id='word_1_362' title='bbox 854 3499 916 3539; x_wconf 81' lang='lat' dir='ltr'><strong>m</strong></span> <span class='ocrx_word' id='word_1_363' title='bbox 949 3485 1014 3539; x_wconf 88' lang='lat' dir='ltr'><strong>in</strong></span> <span class='ocrx_word' id='word_1_364' title='bbox 1039 3489 1209 3558; x_wconf 86' lang='lat' dir='ltr'><strong>terga</strong></span> <span class='ocrx_word' id='word_1_365' title='bbox 1252 3490 1626 3558; x_wconf 87' lang='lat' dir='ltr'><strong>rotarumque</strong></span> <span class='ocrx_word' id='word_1_366' title='bbox 1652 3480 1868 3542; x_wconf 84' lang='lat' dir='ltr'><strong>orbitas</strong></span> <span class='ocrx_word' id='word_1_367' title='bbox 1886 3540 1889 3548; x_wconf 64' lang='grc'>,</span> <span class='ocrx_word' id='word_1_368' title='bbox 1907 3496 2174 3556; x_wconf 86' lang='lat' dir='ltr'><strong>spumam</strong></span> <span class='ocrx_word' id='word_1_369' title='bbox 2199 3480 2374 3538; x_wconf 78' lang='lat' dir='ltr'><strong>fervi-</strong></span> 
     </span>
     <span class='ocr_line' id='line_1_45' title="bbox 291 3550 2527 3639; baseline -0 -25"><span class='ocrx_word' id='word_1_370' title='bbox 291 3556 504 3639; x_wconf 79' lang='lat' dir='ltr'><strong>dosque</strong></span> <span class='ocrx_word' id='word_1_371' title='bbox 525 3560 710 3619; x_wconf 80' lang='lat' dir='ltr'><strong>funde</strong></span> <span class='ocrx_word' id='word_1_372' title='bbox 823 3569 852 3617; x_wconf 86' lang='lat' dir='ltr'><strong>t</strong></span> <span class='ocrx_word' id='word_1_373' title='bbox 876 3562 1064 3619; x_wconf 62' lang='lat' dir='ltr'><strong>flatus</strong></span> <span class='ocrx_word' id='word_1_374' title='bbox 1150 3561 1255 3623; x_wconf 77' lang='lat' dir='ltr'><strong>Ille</strong></span> <span class='ocrx_word' id='word_1_375' title='bbox 1294 3569 1494 3618; x_wconf 87' lang='lat' dir='ltr'><strong>autem</strong></span> <span class='ocrx_word' id='word_1_376' title='bbox 1534 3559 1643 3618; x_wconf 86' lang='lat' dir='ltr'><strong>sub</strong></span> <span class='ocrx_word' id='word_1_377' title='bbox 1684 3560 1950 3617; x_wconf 86' lang='lat' dir='ltr'><strong>ultimam</strong></span> <span class='ocrx_word' id='word_1_378' title='bbox 1991 3567 2211 3617; x_wconf 87' lang='lat' dir='ltr'><strong>metam</strong></span> <span class='ocrx_word' id='word_1_379' title='bbox 2243 3555 2373 3632; x_wconf 76' lang='lat' dir='ltr'><strong>Jam</strong></span> <span class='ocrx_word' id='word_1_380' title='bbox 2403 3550 2527 3613; x_wconf 71' lang='lat'><strong>720</strong></span> 
     </span>
     <span class='ocr_line' id='line_1_46' title="bbox 292 3637 2370 3717; baseline 0 -21"><span class='ocrx_word' id='word_1_381' title='bbox 292 3652 524 3699; x_wconf 82' lang='lat' dir='ltr'><strong>currum</strong></span> <span class='ocrx_word' id='word_1_382' title='bbox 567 3656 772 3716; x_wconf 83' lang='lat' dir='ltr'><strong>agens,</strong></span> <span class='ocrx_word' id='word_1_383' title='bbox 795 3642 1033 3716; x_wconf 90' lang='lat' dir='ltr'><strong>propius</strong></span> <span class='ocrx_word' id='word_1_384' title='bbox 1071 3642 1440 3717; x_wconf 79' lang='lat' dir='ltr'><strong>propiusque</strong></span> <span class='ocrx_word' id='word_1_385' title='bbox 1453 3639 1803 3698; x_wconf 84' lang='lat' dir='ltr'><strong>admovebat</strong></span> <span class='ocrx_word' id='word_1_386' title='bbox 1839 3637 2167 3696; x_wconf 87' lang='lat' dir='ltr'><strong>modiolum</strong></span> <span class='ocrx_word' id='word_1_387' title='bbox 2205 3648 2370 3704; x_wconf 79' lang='lat' dir='ltr'><strong>rotse.</strong></span> 
     </span>
     <span class='ocr_line' id='line_1_47' title="bbox 293 3715 2370 3801; baseline 0 -28"><span class='ocrx_word' id='word_1_388' title='bbox 293 3715 586 3801; x_wconf 76' lang='lat' dir='ltr'><strong>funaiique</strong></span> <span class='ocrx_word' id='word_1_389' title='bbox 612 3718 686 3776; x_wconf 84' lang='lat' dir='ltr'><strong>ad</strong></span> <span class='ocrx_word' id='word_1_390' title='bbox 711 3719 976 3777; x_wconf 75' lang='lat' dir='ltr'><strong>dextram</strong></span> <span class='ocrx_word' id='word_1_391' title='bbox 1003 3736 1156 3796; x_wconf 88' lang='lat' dir='ltr'><strong>equo</strong></span> <span class='ocrx_word' id='word_1_392' title='bbox 1180 3718 1432 3776; x_wconf 79' lang='lat' dir='ltr'><strong>habenas</strong></span> <span class='ocrx_word' id='word_1_393' title='bbox 1470 3718 1692 3785; x_wconf 78' lang='lat' dir='ltr'><strong>laxanS,</strong></span> <span class='ocrx_word' id='word_1_394' title='bbox 1719 3718 2020 3774; x_wconf 88' lang='lat' dir='ltr'><strong>sinistrum</strong></span> <span class='ocrx_word' id='word_1_395' title='bbox 2045 3717 2370 3777; x_wconf 86' lang='lat' dir='ltr'><strong>cohibebat.</strong></span> 
     </span>
    </p>

    <p class='ocr_par' dir='ltr' id='par_1_17' title="bbox 295 3791 2536 4429">
     <span class='ocr_line' id='line_1_48' title="bbox 295 3791 2378 3876; baseline 0.001 -24"><span class='ocrx_word' id='word_1_396' title='bbox 295 3791 372 3852; x_wconf 74' lang='lat' dir='ltr'><strong>Et</strong></span> <span class='ocrx_word' id='word_1_397' title='bbox 396 3799 508 3857; x_wconf 80' lang='lat' dir='ltr'><strong>hac</strong></span> <span class='ocrx_word' id='word_1_398' title='bbox 532 3797 768 3876; x_wconf 84' lang='lat' dir='ltr'><strong>quidem</strong></span> <span class='ocrx_word' id='word_1_399' title='bbox 794 3807 965 3856; x_wconf 86' lang='lat' dir='ltr'><strong>tenus</strong></span> <span class='ocrx_word' id='word_1_400' title='bbox 992 3799 1138 3856; x_wconf 87' lang='lat' dir='ltr'><strong>recti</strong></span> <span class='ocrx_word' id='word_1_401' title='bbox 1162 3814 1364 3855; x_wconf 84' lang='lat' dir='ltr'><strong>omnes</strong></span> <span class='ocrx_word' id='word_1_402' title='bbox 1390 3805 1685 3855; x_wconf 86' lang='lat' dir='ltr'><strong>steterunt</strong></span> <span class='ocrx_word' id='word_1_403' title='bbox 1709 3810 1914 3855; x_wconf 87' lang='lat' dir='ltr'><strong>currus</strong></span> <span class='ocrx_word' id='word_1_404' title='bbox 1933 3820 1948 3851; x_wconf 69' lang='grc' dir='ltr'>ι</span> <span class='ocrx_word' id='word_1_405' title='bbox 2005 3795 2215 3856; x_wconf 90' lang='lat' dir='ltr'><strong>deinde</strong></span> <span class='ocrx_word' id='word_1_406' title='bbox 2236 3814 2378 3855; x_wconf 83' lang='lat' dir='ltr'><strong>vero</strong></span> 
     </span>
     <span class='ocr_line' id='line_1_49' title="bbox 297 3864 2528 3955; baseline -0 -24"><span class='ocrx_word' id='word_1_407' title='bbox 297 3871 557 3955; x_wconf 83' lang='lat' dir='ltr'><strong>AEnianis</strong></span> <span class='ocrx_word' id='word_1_408' title='bbox 581 3877 689 3934; x_wconf 75' lang='lat' dir='ltr'><strong>viri</strong></span> <span class='ocrx_word' id='word_1_409' title='bbox 713 3885 1089 3936; x_wconf 83' lang='lat' dir='ltr'><strong>contumaces</strong></span> <span class='ocrx_word' id='word_1_410' title='bbox 1127 3875 1372 3953; x_wconf 89' lang='lat' dir='ltr'><strong>durique</strong></span> <span class='ocrx_word' id='word_1_411' title='bbox 1397 3877 1515 3932; x_wconf 82' lang='lat' dir='ltr'><strong>oris</strong></span> <span class='ocrx_word' id='word_1_412' title='bbox 1553 3877 1686 3953; x_wconf 86' lang='lat' dir='ltr'><strong>equi</strong></span> <span class='ocrx_word' id='word_1_413' title='bbox 1729 3893 1969 3933; x_wconf 88' lang='lat' dir='ltr'><strong>currum</strong></span> <span class='ocrx_word' id='word_1_414' title='bbox 1995 3876 2051 3931; x_wconf 86' lang='lat' dir='ltr'><strong>vi</strong></span> <span class='ocrx_word' id='word_1_415' title='bbox 2082 3895 2156 3933; x_wconf 88' lang='lat' dir='ltr'><strong>au</strong></span> <span class='ocrx_word' id='word_1_416' title='bbox 2328 3883 2375 3947; x_wconf 67' lang='lat' dir='ltr'><strong>t,</strong></span> <span class='ocrx_word' id='word_1_417' title='bbox 2408 3864 2528 3930; x_wconf 67' lang='lat'><strong>‘725</strong></span> 
     </span>
     <span class='ocr_line' id='line_1_50' title="bbox 298 3952 2468 4033; baseline 0.001 -23"><span class='ocrx_word' id='word_1_418' title='bbox 298 3960 358 4011; x_wconf 78' lang='lat' dir='ltr'><strong>et</strong></span> <span class='ocrx_word' id='word_1_419' title='bbox 378 3974 451 4015; x_wconf 83' lang='lat' dir='ltr'><strong>ex</strong></span> <span class='ocrx_word' id='word_1_420' title='bbox 473 3956 734 4021; x_wconf 81' lang='lat' dir='ltr'><strong>adverso,</strong></span> <span class='ocrx_word' id='word_1_421' title='bbox 750 3971 933 4033; x_wconf 87' lang='lat' dir='ltr'><strong>quum</strong></span> <span class='ocrx_word' id='word_1_422' title='bbox 958 3963 1157 4014; x_wconf 85' lang='lat' dir='ltr'><strong>sextus</strong></span> <span class='ocrx_word' id='word_1_423' title='bbox 1174 3952 1302 4028; x_wconf 86' lang='lat' dir='ltr'><strong>jam</strong></span> <span class='ocrx_word' id='word_1_424' title='bbox 1326 3956 1724 4030; x_wconf 84' lang='lat' dir='ltr'><strong>septimusque</strong></span> <span class='ocrx_word' id='word_1_425' title='bbox 1748 3954 2133 4012; x_wconf 87' lang='lat' dir='ltr'><strong>conficeretur</strong></span> <span class='ocrx_word' id='word_1_426' title='bbox 2233 3974 2378 4022; x_wconf 78' lang='lat' dir='ltr'><strong>rsus„</strong></span> <span class='ocrx_word' id='word_1_427' title='bbox 2464 4016 2468 4020; x_wconf 67' lang='grc'><strong>,</strong></span> 
     </span>
     <span class='ocr_line' id='line_1_51' title="bbox 300 4030 2381 4113; baseline 0.002 -24"><span class='ocrx_word' id='word_1_428' title='bbox 300 4033 510 4093; x_wconf 82' lang='lat' dir='ltr'><strong>frontes</strong></span> <span class='ocrx_word' id='word_1_429' title='bbox 535 4030 875 4112; x_wconf 84' lang='lat' dir='ltr'><strong>impingunt</strong></span> <span class='ocrx_word' id='word_1_430' title='bbox 918 4035 1171 4112; x_wconf 82' lang='lat' dir='ltr'><strong>Libyssis</strong></span> <span class='ocrx_word' id='word_1_431' title='bbox 1196 4033 1493 4112; x_wconf 83' lang='lat' dir='ltr'><strong>quadrigis</strong></span> <span class='ocrx_word' id='word_1_432' title='bbox 1513 4057 1528 4088; x_wconf 68' lang='grc' dir='ltr'>ι</span> <span class='ocrx_word' id='word_1_433' title='bbox 1576 4042 1751 4113; x_wconf 87' lang='lat' dir='ltr'><strong>atque</strong></span> <span class='ocrx_word' id='word_1_434' title='bbox 1793 4035 1926 4091; x_wconf 86' lang='lat' dir='ltr'><strong>inde</strong></span> <span class='ocrx_word' id='word_1_435' title='bbox 1975 4051 2098 4091; x_wconf 89' lang='lat' dir='ltr'><strong>unc</strong></span> <span class='ocrx_word' id='word_1_436' title='bbox 2122 4052 2196 4090; x_wconf 86' lang='lat' dir='ltr'><strong>ex</strong></span> <span class='ocrx_word' id='word_1_437' title='bbox 2220 4034 2381 4093; x_wconf 74' lang='lat' dir='ltr'><strong>malo</strong></span> 
     </span>
     <span class='ocr_line' id='line_1_52' title="bbox 300 4112 2383 4191; baseline 0.001 -23"><span class='ocrx_word' id='word_1_438' title='bbox 300 4112 440 4171; x_wconf 82' lang='lat' dir='ltr'><strong>alius</strong></span> <span class='ocrx_word' id='word_1_439' title='bbox 475 4116 658 4174; x_wconf 78' lang='lat' dir='ltr'><strong>alium</strong></span> <span class='ocrx_word' id='word_1_440' title='bbox 703 4113 1026 4191; x_wconf 82' lang='lat' dir='ltr'><strong>confringit</strong></span> <span class='ocrx_word' id='word_1_441' title='bbox 1070 4118 1131 4172; x_wconf 87' lang='lat' dir='ltr'><strong>et&#39;</strong></span> <span class='ocrx_word' id='word_1_442' title='bbox 1155 4113 1566 4190; x_wconf 83' lang='lat' dir='ltr'><strong>superincidit:</strong></span> <span class='ocrx_word' id='word_1_443' title='bbox 1624 4124 1784 4171; x_wconf 87' lang='lat' dir='ltr'><strong>totus</strong></span> <span class='ocrx_word' id='word_1_444' title='bbox 1809 4131 1946 4170; x_wconf 88' lang='lat' dir='ltr'><strong>vero</strong></span> <span class='ocrx_word' id='word_1_445' title='bbox 1990 4113 2246 4188; x_wconf 88' lang='lat' dir='ltr'><strong>repletus</strong></span> <span class='ocrx_word' id='word_1_446' title='bbox 2291 4121 2383 4171; x_wconf 87' lang='lat' dir='ltr'><strong>est</strong></span> 
     </span>
     <span class='ocr_line' id='line_1_53' title="bbox 303 4179 2536 4270; baseline -0.003 -21"><span class='ocrx_word' id='word_1_447' title='bbox 303 4188 591 4253; x_wconf 76' lang='lat' dir='ltr'><strong>&#39;cm-ulibus</strong></span> <span class='ocrx_word' id='word_1_448' title='bbox 640 4192 963 4270; x_wconf 77' lang='lat' dir='ltr'><strong>naufragiis</strong></span> <span class='ocrx_word' id='word_1_449' title='bbox 1028 4194 1277 4252; x_wconf 77' lang='lat' dir='ltr'><strong>Crisaeus</strong></span> <span class='ocrx_word' id='word_1_450' title='bbox 1338 4208 1597 4267; x_wconf 85' lang='lat' dir='ltr'><strong>campus.</strong></span> <span class='ocrx_word' id='word_1_451' title='bbox 1701 4192 1875 4254; x_wconf 87' lang='lat' dir='ltr'><strong>Quod</strong></span> <span class='ocrx_word' id='word_1_452' title='bbox 1925 4192 2027 4248; x_wconf 90' lang='lat' dir='ltr'><strong>ubi</strong></span> <span class='ocrx_word' id='word_1_453' title='bbox 2077 4192 2380 4266; x_wconf 82' lang='lat' dir='ltr'><strong>conspexit</strong></span> <span class='ocrx_word' id='word_1_454' title='bbox 2412 4179 2536 4243; x_wconf 71' lang='lat'><strong>730</strong></span> 
     </span>
     <span class='ocr_line' id='line_1_54' title="bbox 305 4268 2382 4348; baseline -0.001 -19"><span class='ocrx_word' id='word_1_455' title='bbox 305 4268 666 4332; x_wconf 56' lang='lat' dir='ltr'><strong>miseniensis</strong></span> <span class='ocrx_word' id='word_1_456' title='bbox 689 4271 1184 4348; x_wconf 81' lang='lat' dir='ltr'><strong>callidusauriga,</strong></span> <span class='ocrx_word' id='word_1_457' title='bbox 1212 4282 1380 4329; x_wconf 86' lang='lat' dir='ltr'><strong>extra</strong></span> <span class='ocrx_word' id='word_1_458' title='bbox 1403 4272 1655 4329; x_wconf 85' lang='lat' dir='ltr'><strong>orbitam</strong></span> <span class='ocrx_word' id='word_1_459' title='bbox 1694 4271 1969 4335; x_wconf 74' lang='lat' dir='ltr'><strong>deflectit,</strong></span> <span class='ocrx_word' id='word_1_460' title='bbox 1997 4277 2058 4326; x_wconf 90' lang='lat' dir='ltr'><strong>et</strong></span> <span class='ocrx_word' id='word_1_461' title='bbox 2082 4269 2251 4326; x_wconf 80' lang='lat' dir='ltr'><strong>frena</strong></span> <span class='ocrx_word' id='word_1_462' title='bbox 2281 4270 2382 4326; x_wconf 75' lang='lat' dir='ltr'><strong>in-</strong></span> 
     </span>
     <span class='ocr_line' id='line_1_55' title="bbox 307 4348 2385 4429; baseline -0.001 -21"><span class='ocrx_word' id='word_1_463' title='bbox 307 4348 473 4420; x_wconf 81' lang='lat' dir='ltr'><strong>hibet,</strong></span> <span class='ocrx_word' id='word_1_464' title='bbox 499 4353 645 4411; x_wconf 87' lang='lat' dir='ltr'><strong>dum</strong></span> <span class='ocrx_word' id='word_1_465' title='bbox 669 4351 1116 4428; x_wconf 67' lang='lat' dir='ltr'><strong>praeter-vehitur</strong></span> <span class='ocrx_word' id='word_1_466' title='bbox 1133 4357 1461 4429; x_wconf 86' lang='lat' dir='ltr'><strong>equestrem</strong></span> <span class='ocrx_word' id='word_1_467' title='bbox 1483 4348 1802 4426; x_wconf 60' lang='lat' dir='ltr'><strong>‘procellam</strong></span> <span class='ocrx_word' id='word_1_468' title='bbox 1823 4351 1888 4407; x_wconf 87' lang='lat' dir='ltr'><strong>in</strong></span> <span class='ocrx_word' id='word_1_469' title='bbox 1913 4348 2108 4426; x_wconf 80' lang='lat' dir='ltr'><strong>medio</strong></span> <span class='ocrx_word' id='word_1_470' title='bbox 2128 4356 2385 4406; x_wconf 62' lang='lat' dir='ltr'><strong>{estuan-</strong></span> 
     </span>
    </p>
   </div>
   <div class='ocr_carea' id='block_1_8' title="bbox 862 4515 926 4559">
    <p class='ocr_par' dir='ltr' id='par_1_18' title="bbox 862 4515 926 4559">
     <span class='ocr_line' id='line_1_56' title="bbox 862 4515 926 4559; baseline 0 0"><span class='ocrx_word' id='word_1_471' title='bbox 862 4515 874 4547; x_wconf 71' lang='grc' dir='ltr'><em>Ι</em></span> <span class='ocrx_word' id='word_1_472' title='bbox 912 4549 926 4559; x_wconf 55' lang='grc' dir='ltr'><strong>ς</strong></span> 
     </span>
    </p>
   </div>
   <div class='ocr_carea' id='block_1_9' title="bbox 135 4766 420 4839">
    <p class='ocr_par' dir='ltr' id='par_1_19' title="bbox 135 4766 420 4839">
     <span class='ocr_line' id='line_1_57' title="bbox 135 4766 420 4839; baseline 0 0"><span class='ocrx_word' id='word_1_473' title='bbox 135 4766 290 4839; x_wconf 34' lang='lat' dir='ltr'><strong>„wis</strong></span> <span class='ocrx_word' id='word_1_474' title='bbox 315 4792 420 4839; x_wconf 47' lang='lat' dir='ltr'><strong>r.-</strong></span> 
     </span>
    </p>
   </div>
  </div>
 </body>
</html>
