3017 4900
988 274 1118 346 ΡΗ
1128 273 1663 352 ILOCTETES.
2009 270 2023 288 '
2240 281 2373 349 229

367 519 374 524 ,
410 455 451 523 “,
475 459 637 522 nate,
665 452 962 528 d’mcerpor
989 449 1152 512 edaci
1188 450 1417 512 morbo.
1496 452 1693 527 Papae,
1723 449 1930 525 papael.
2004 445 2119 506 Per
2156 467 2273 527 ego
2309 459 2371 507 te

485 532 766 599 obtestor,
805 532 910 597 fili,
950 531 1001 587 si
1038 532 1167 607 quis
1205 529 1315 588 tibi
1353 532 1422 588 in
1458 541 1738 606 promptu
1772 529 2005 606 gladius
2048 537 2157 595 est,
2198 529 2372 587 ferito

278 631 589 674 summum
613 612 842 688 pedem,
863 619 1111 687 amputa
1133 627 1310 687 qusm
1332 611 1655 676 celerrime,
1679 609 1816 665 vitae
1841 626 1915 665 ne
1940 610 2194 684 parcito:
2238 626 2370 685 age,
2405 615 2526 677 750

281 709 461 769 rogo,
477 694 522 752 ,ὁ
546 691 652 749 fili.
885 745 888 752 ,
1556 729 1561 734 -
2420 705 2425 710 ·

369 769 663 859 ΝῌΟΡΤ.
701 767 860 831 Quid
897 766 1045 825 adeo
1084 766 1220 832 novi
1244 766 1560 843 derepente
1585 766 1815 835 accidit,
1840 762 2005 840 cujus
2029 767 2222 844 gratia
2245 774 2376 825 tan·-

280 857 385 908 tos
409 849 665 920 ejulatus
688 858 779 905 tot
818 864 893 906 ue
914 847 1170 922 gemitus
1191 846 1346 904 cies?

373 927 591 986 PHIL.
632 928 770 990 Scis,
859 926 1034 983 nate?

373 1006 668 1076 NEOPT.
705 1004 862 1069 Quid
885 1006 1020 1061 est?

373 1086 597 1145 PHIL.
637 1085 777 1151 Scis‘,
802 1083 840 1140 ὂ
867 1083 987 1140 fili?

374 1164 672 1223 NEOPT.
715 1161 875 1225 Quid
899 1168 987 1219 est
1011 1161 1162 1218 tibi?

375 1243 595 1303 PHIL.
639 1241 816 1301 Haud
840 1240 1108 1318 equidem
1134 1240 1269 1298 seio,

378 1322 675 1381 NEOPT.
719 1320 802 1377 Et
829 1319 933 1397 qui
959 1321 1212 1377 nescias?

380 1401 601 1461 PHIL.
642 1401 839 1475 Papae,
867 1398 1067 1535 paKoe!
1475 1435 1480 1438 -

381 1479 676 1541 NEOPT.
715 1478 941 1536 Terrib'
966 1497 1063 1535 em
1088 1476 1153 1535 in
1176 1474 1421 1534 modum
1444 1481 1802 1553 aggravescit
1827 1479 1922 1535 hic
1948 1478 2203 1538 morbus.
2316 1504 2327 1508 ·
2418 1484 2537 1550 755

381 1559 603 1618 PHIL.
643 1557 991 1617 Terribilem
1012 1573 1172 1623 sane,
1197 1564 1258 1613 et
1281 1555 1653 1615 ineffabilem.
1711 1558 1823 1615 Sed
1851 1559 2121 1617 misereat
2145 1568 2204 1615 te
2230 1558 2365 1618 mei.

384 1638 682 1696 NEOPT.
719 1635 878 1699 Quid
902 1651 1046 1713 ergo
1069 1636 1280 1694 faciam
1304 1636 1324 1691 ἓ

388 1716 609 1775 PHIL.
646 1715 742 1774 Ne
767 1732 864 1773 me
897 1715 1208 1776 formidine
1247 1713 1475 1789 prodas.
1554 1714 1712 1772 Lues
1736 1717 1897 1774 enim
1922 1717 2023 1774 illa
2046 1716 2195 1774 vices
2219 1717 2394 1773 alter-

301 1805 436 1933 mi,
461 1803 636 1931 atque
658 1814 758 1931 gh
773 1794 1076 1912 int'ervallo
1098 1792 1270 1860 redit,
1295 1804 1609 1871 postquam
1630 1795 1781 1882 forte
1806 1796 1881 1853 ad
1914 1797 2240 1854 satietatem
2264 1815 2396 1853 eva-

302 1894 392 1955 ga
415 1895 453 1932 a
475 1894 535 1932 es
567 1918 581 1933 .
757 1890 832 1930 eu
852 1915 866 1929 .
1287 1897 1298 1906 —
2243 1901 2249 1910 .

389 1952 685 2014 NEOPT.
725 1952 782 2009 O
806 1953 982 2011 miser
1014 1948 1220 2008 nimis!
1265 1950 1435 2013 eheu,
1464 1951 1653 2007 eheu!
1699 1952 1874 2009 miser
1897 1953 2179 2027 profecto,
2204 1952 2395 2009 omni·
2428 1957 2552 2020 760

306 2033 423 2094 bus
467 2031 762 2092 laboribus
810 2030 1083 2094 exercite,
1127 2030 1239 2088 vin'
1293 2037 1353 2087 te
1403 2029 1781 2105 prehendam,
1831 2038 2006 2108 atque
2054 2032 2397 2108 contingam

239 2165 282 2175 a,
309 2113 539 2172 manu?
2395 2125 2401 2128 ·

335 2227 344 2233 -
393 2189 616 2249 PHIL.
657 2187 753 2246 Ne
786 2188 956 2255 istuc,
981 2186 1253 2245 obsecro:
1300 2186 1403 2243 sed
1427 2187 1588 2244 hunc
1611 2204 1752 2261 oepe
1777 2188 1923 2244 mihi
1945 2206 2168 2255 arcum,
2194 2196 2264 2244 ut
2288 2187 2399 2245 du-

313 2268 464 2327 dum
491 2287 589 2327 me
628 2266 894 2345 rogabas,
920 2284 1171 2344 eumque
1209 2273 1346 2323 tene
1385 2273 1447 2321 et
1484 2265 1731 2331 custodi,
1756 2266 1944 2324 donec
1982 2268 2270 2325 remiserit
2308 2268 2397 2322 in·
2434 2270 2554 2332 765

310 2357 478 2406 stans
505 2349 587 2405 vis
623 2346 835 2405 morbi.
912 2345 1169 2420 Corripit
1207 2346 1366 2402 enim
1404 2362 1501 2402 me
1538 2362 1797 2408 somnus,
1828 2346 2004 2405 simul
2044 2364 2111 2404 ac
2128 2345 2402 2410 ,abscedit

316 2429 436 2486 hoc
462 2426 720 2496 malum;
765 2441 872 2484 nec
897 2426 1049 2502 potis
1081 2442 1210 2483 sum
1251 2442 1324 2482 eo
1361 2423 1839 2502 priusdefung-i:
1882 2426 1983 2484 sed
2022 2443 2251 2484 necesse
2290 2433 2401 2491 est,

315 2514 391 2565 ut
416 2525 513 2564 me
537 2502 689 2563 sinas
715 2505 1097 2582 tranquillum
1135 2503 1408 2563 dormire.
1486 2504 1722 2562 Interea
1744 2523 1883 2562 vero
1920 2507 1970 2563 si
1994 2507 2259 2564 venerint
2296 2505 2402 2570 illi,
2433 2496 2559 2570 77⁶0

316 2604 431 2664 per
469 2585 627 2644 Deos
665 2593 726 2641 te
763 2583 1039 2649 obtestor,
1081 2583 1302 2662 tibique
1344 2583 1583 2649 mando,
1614 2601 1689 2641 ne
1722 2594 1956 2659 sponte,
1983 2603 2091 2644 nec
2117 2585 2411 2661 iugratiiS,

320 2683 440 2725 nec
463 2680 808 2742 quocunque
851 2662 1089 2723 demum
1129 2672 1319 2741 pacto,
1355 2663 1470 2721 iuis
1510 2680 1675 2720 arma
1717 2664 1839 2724 ista.
1866 2666 2190 2739 permittas,
2232 2680 2306 2721 ne
2346 2670 2409 2720 te

319 2745 518 2822 ipsum
545 2742 717 2800 simul
743 2742 1065 2809 interimas,
1091 2759 1320 2818 meque,
1345 2744 1449 2819 qui
1469 2742 1713 2817 supplex
1739 2750 1879 2799 tuus
1898 2761 2048 2802 sum.
2152 2800 2163 2813 ,

403 2821 700 2887 ΝΕΟΡΤ,
738 2821 912 2879 Bono
938 2821 1147 2885 ,animo
1186 2838 1285 2881 esz
1328 2818 1775 2896 praecautumet
1812 2823 2105 2896 pmvisum
2143 2822 2257 2880 hoe
2295 2824 2413 2881 erit

319 2902 492 2969 mihi.
533 2900 778 2961 Nemini
799 2899 1096 2959 dabuntur
1115 2906 1505 2978 praeterquam
1531 2899 1640 2957 tibi
1658 2908 1721 2958 et
1742 2901 1888 2963 mihi
1909 2925 1925 2957 a
1970 2902 2231 2977 proinde,
2255 2901 2415 2980 quod
2443 2903 2523 2967 77
2525 2903 2562 2959 5

322 2982 480 3040 bene
505 2986 716 3045 vertat,
738 2979 886 3046 mihi
909 2978 1014 3036 illa
1037 2979 1291 3054 porrige.
1367 3042 1377 3051 .
1485 3024 1506 3031 ..
2097 3002 2107 3015 ³
2572 2994 2581 3003 ²

409 3058 628 3118 PHIL.
667 3057 785 3124 En,
824 3057 1175 3123 adolescens,
1210 3057 1438 3132 accipe:
1475 3056 1766 3115 Invidiam
1804 3065 2004 3118 autem
2040 3061 2313 3137 propitia,
2341 3076 2433 3119 ne·
2538 3052 2547 3063 ”

326 3139 442 3198 tibi
457 3140 584 3215 ,sint
606 3137 915 3203 laboriosa,
941 3153 1342 3215 aerumnasque
1367 3135 1580 3203 ferant,
1608 3137 1803 3215 quales
1830 3146 1889 3194 et
1916 3139 2079 3207 mihi,
2108 3148 2166 3196 et
2203 3140 2295 3197 illi
2317 3142 2418 3219 qui

327 3237 402 3278 ω,
425 3226 566 3275 ante
585 3235 681 3277 me
704 3215 928 3275 habuit.
2356 3278 2363 3287 ‚
2566 3234 2579 3239 ”

411 3294 703 3355 ΝΕΟΡΤ.
749 3293 816 3361 0,
845 3294 969 3359 Dii,
1009 3294 1279 3352 eveniant
1319 3293 1444 3352 baec
1481 3293 1668 3359 nobis,
1713 3288 2130 3374 contingatque
2168 3298 2423 3356 secunda
2450 3299 2491 3360 7
2492 3298 2574 3352 80

328 3374 708 3515 egneixpedita
743 3372 1059 3451 navigatio,
1099 3388 1447 3451 quocunque
1485 3372 1652 3432 Deus
1689 3392 1922 3453 aequum
1962 3385 2177 3441 censet,
2216 3385 2277 3434 et
2303 3394 2422 3457 quo

330 3463 358 3513 t
451 3470 454 3471 ’
480 3454 630 3511 imus
652 3495 666 3508 .
1131 3469 1138 3475 ·

413 3532 636 3592 PHIL.
674 3530 754 3589 At
780 3546 916 3589 vero
939 3537 1159 3595 metuo,
1187 3544 1262 3586 ne
1288 3529 1522 3587 irritum
1546 3532 1621 3587 sit
1647 3532 1758 3588 hoe
1782 3532 2006 3599 votum,
2034 3535 2137 3592 fili.
2213 3534 2425 3592 Manat

334 3614 501 3671 enim
522 3628 726 3670 rursus
749 3611 897 3669 mihi
922 3618 1052 3669 ater
1069 3626 1247 3667 cruor
1269 3627 1342 3666 ex
1367 3609 1580 3666 intimo
1617 3623 1840 3668 scatens
1879 3612 2095 3678 ulcere,
2120 3618 2294 3690 atque
2319 3614 2424 3673 ali-

334 3690 478 3770 quid
503 3696 776 3766 exspecto
799 3689 958 3747 mali.
1025 3684 1218 3764 Papae,
1248 3688 1362 3745 heu
1390 3686 1404 3743 Ξ
1472 3689 1647 3764 Papae
1671 3691 1903 3748 iterum.
1979 3694 2033 3749 Ο
2057 3711 2176 3768 pes,
2203 3702 2425 3770 quanto
2454 3691 2574 3754 785

327 3789 437 3831 me
461 3769 747 3850 cruciabis
771 3767 972 3825 dolore
996 3766 1011 3823 !
1073 3768 1389 3841 Proserpit,
1416 3767 1639 3826 accedit
1663 3769 1789 3824 lues
1814 3771 2071 3846 propius,
2131 3771 2259 3829 Hei·
2277 3774 2425 3829 mihi

336 3847 588 3909 misero!
672 3847 828 3905 Rem
874 3864 1113 3905 omnem
1157 3847 1525 3904 manifestam
1567 3846 1774 3904 videtis
1795 3871 1810 3902 z
1853 3866 1949 3916 ne,
1994 3867 2211 3928 quaeso,
2256 3852 2425 3909 aufu-

338 3929 485 4007 gite.
564 3924 802 3985 Attate!
887 3925 945 3983 0
988 3926 1306 4001 Cephallen
1348 3925 1576 4001 hospes,
1622 3929 1848 3983 utinam
1892 3929 1988 3986 hic
2016 3930 2186 3988 dolor
2226 3940 2427 4006 pectus
2457 3926 2499 3989 7
2499 3927 2584 3984 90

339 4017 542 4066 tuum·
555 4016 868 4083 penetrans
907 4004 1128 4063 intimis
1167 4002 1396 4078 haere'at
1420 4005 1749 4079 praecordiis
1778 4006 1790 4061 Ξ
1848 4007 1945 4065 hei
1984 4009 2164 4067 mihi!
2220 4008 2423 4085 papae!
2458 4038 2465 4047 ·

339 4086 677 4164 iterumque
713 4085 1043 4159 iterumque
1082 4083 1284 4159 papae!
1370 4081 1425 4139 O
1462 4083 1687 4160 gemini
1726 4085 1902 4142 duces
1938 4091 2248 4153 exercitus,
2273 4091 2433 4163 Aga-

341 4181 649 4231 memnon,
674 4163 715 4221 ὀ
753 4163 1039 4226 Menelae,
1065 4164 1295 4220 utinam
1322 4163 1512 4236 ‚Vioeffl
1553 4180 1746 4221 meam
1787 4172 1910 4222 tam
1946 4166 2130 4245 longo
2166 4174 2433 4242 tempore
2463 4158 2586 4222 79⁵

343 4244 575 4303 aleretis
615 4245 776 4301 hunc
814 4242 1128 4300 morbum!
1179 4242 1278 4298 hei
1315 4238 1479 4308 mihi,
1520 4243 1705 4300 mihi!
1790 4245 1846 4301 Ο
1883 4244 2066 4311 Mors,
2107 4247 2292 4311 Mors,
2333 4244 2436 4322 qur

241 4370 252 4381 .
346 4324 522 4384 toties
547 4322 697 4385 adeo
720 4329 923 4383 vocata
946 4320 1180 4390 cotidie,
1205 4320 1364 4393 haud
1386 4328 1553 4399 potes
1575 4338 1839 4402 unquam
1864 4326 2104 4388 venire?
2182 4325 2242 4383 Ο
2267 4322 2372 4395 fili,
2399 4326 2438 4384 ὀ
