3017 4900
703 251 822 322 178
1444 237 2049 312 TRACHINIAE.

543 427 663 486 '415
774 417 1031 479 NUNT.
1073 417 1254 478 Haud
1288 434 1427 477 sane
1462 417 1669 485 abibis,
1705 418 2045 495 priusquam
2072 414 2244 473 breve
2268 411 2411 494 quid
2435 419 2679 494 rogatos
2701 431 2811 475 ree.

809 498 1017 556 nderis.

697 515 992 636 ⁸PCLICH.
1034 577 1170 643 Dic,
1193 577 1245 633 si
1266 574 1407 653 quid
1433 576 1533 633 vis.
1610 573 1769 633 Nam
1793 575 2012 651 linguae
2041 580 2368 649 temperare
2392 590 2516 634 non
2541 583 2730 649 potes.

773 655 1033 715 NUNT.
1060 656 1363 731 Captivam
1379 654 1561 721 iilam,
1582 672 1756 732 quam
1774 651 2065 711 deduxisti
2080 652 2348 721 domum,
2365 654 2520 711 nosti
2535 653 2799 711 scilicet>

774 735 997 794 LlCH.
1039 734 1234 810 Nego.
1313 734 1449 795 Qua
1472 750 1610 790 vero
1634 732 1696 789 id
1720 733 2021 792 sciscitaris
2046 731 2276 807 gratia?

544 824 666 882 420
774 812 1028 871 NUNP.
1067 812 1287 870 Nonne
1313 820 1381 869 tu
1407 813 1578 878 hanc,
1607 828 1784 888 quam
1808 817 1868 868 te
1895 827 2063 869 nosse
2095 809 2440 878 dissimulas,
2466 808 2639 868 Iolen
2662 827 2797 887 pro-

694 893 877 952 fessus
903 909 963 949 es
988 891 1200 967 Euryti
1224 891 1452 967 prolem
1478 892 1639 947 esse?

771 970 993 1030 LICH.
1035 973 1198 1034 Quos
1223 972 1378 1028 inter
1404 970 1705 1027 homines.
1689 970 1710 1010 ²
1739 969 1886 1031 Quis
1910 967 2183 1026 alicunde
2196 968 2314 1025 huc
2331 968 2549 1032 veniet,
2567 967 2673 1047 qui
2691 965 2802 1027 tibi

605 1059 610 1066 ’
696 1051 860 1108 testis
885 1051 963 1107 sit
986 1051 1111 1108 haec
1136 1067 1212 1106 ex
1239 1067 1334 1105 me
1359 1048 1609 1107 audiisse
1627 1050 1865 1106 coram?

772 1128 1029 1188 NUNT.
1072 1129 1430 1206 Frequentes
1456 1129 1613 1184 inter
1636 1128 1820 1184 cives:
1861 1125 2314 1194 Trachiniorum
2348 1124 2583 1185 media
2565 1143 2634 1184 ιιι
2658 1144 2799 1184 con

694 1208 865 1266 cione
889 1207 1148 1282 plurima
1171 1225 1246 1264 ex
1270 1214 1330 1263 te
1352 1206 1475 1263 haec
1501 1206 1724 1265 audivit
1749 1204 2084 1264 multituda.

543 1297 677 1360 425
770 1286 994 1345 LICH.
1037 1287 1281 1344 Fateor.
1327 1284 1481 1342 istud
1506 1303 1602 1341 me
1627 1284 1874 1342 audiisse
1895 1283 2034 1341 dixi.
2073 1286 2155 1341 At
2173 1284 2355 1361 longe
2370 1283 2674 1342 diversum
2667 1291 2802 1353 est,

551 1395 558 1400 ·
694 1367 1032 1443 opinionem
1058 1365 1298 1433 referre,
1325 1371 1385 1422 et
1412 1381 1540 1422 rem
1563 1371 1634 1421 ut
1659 1371 1885 1422 certam
1908 1363 2219 1421 affirmare.

772 1443 1025 1503 NUNT.
1066 1445 1265 1506 Quam
1302 1444 1451 1500 mihi
1495 1457 1696 1501 narras
1729 1442 2104 1532 opinionem?
2149 1440 2368 1499 Nonne
2400 1434 2802 1513 jurejurando

693 1524 940 1581 firmasti
967 1523 1126 1602 quod
1151 1523 1360 1584 aiebas,
1393 1521 1667 1580 Herculis
1691 1519 2008 1599 conjugem
2034 1526 2094 1577 te
2121 1517 2279 1577 hanc
2297 1519 2627 1579 adducere?

541 1609 662 1670 43'0
770 1601 989 1661 LIOH.
1032 1597 1366 1678 conjugem
1403 1607 1607 1660 autem'
1647 1600 1800 1677 ego?
1840 1618 1949 1678 per
1981 1599 2143 1657 Deos
2181 1600 2441 1668 obsecre,
2466 1615 2602 1659 cara
2632 1600 2797 1670 hera,

463 1697 478 1706 “
692 1680 805 1748 dic,
835 1683 962 1758 quis
991 1680 1230 1738 tandem
1255 1689 1344 1737 est
1370 1681 1464 1738 hic
1491 1681 1738 1757 hospes?

770 1759 1021 1832 NUNT.
1061 1761 1184 1821 Qui
1210 1757 1460 1835 praesens
1499 1778 1574 1817 ex
1598 1769 1659 1815 ιε
1684 1743 1887 1823 audiit,
1914 1764 1984 1815 ut
2009 1757 2164 1815 illius
2190 1758 2267 1815 ob
2291 1757 2630 1835 cupidinem
2655 1759 2796 1818 urbs

691 1838 915 1896 domita
938 1826 1116 1896 fuerit
1143 1847 1286 1904 tota,
1315 1856 1423 1895 nec
1446 1857 1579 1897 eam
1605 1837 1842 1895 vastarit
1866 1836 2057 1924 pudor
2080 1837 2157 1895 ob
2181 1833 2429 1914 Lydiam
2449 1839 2680 1907 heram,
2694 1837 2798 1897 sed

690 1914 868 1992 hujus
891 1925 1209 1994 conceptus
1233 1935 1419 1976 amor.

768 1996 986 2055 LICH.
1031 1997 1356 2055 Hominem
1382 1998 1559 2064 hunc,
1602 1995 1640 2053 ὁ
1675 1997 1837 2064 hera,
1878 1986 2156 2054 facessere
2189 1996 2330 2055 hinc
2348 1992 2527 2070 Jube·
2572 1997 2796 2075 quippo

538 2084 656 2140 435
689 2085 824 2134 cum
853 2084 1077 2153 aegroto
1106 2095 1293 2153 nugas
1317 2095 1514 2154 agere,
1541 2077 1651 2134 viri
1676 2094 1798 2134 non
1824 2085 1911 2133 est
1941 2077 2807 2151 sapientis..
2834 2145 2840 2151 .

768 2154 933 2213 DEI.
971 2155 1149 2218 Quod
1190 2167 1249 2212 te
1293 2174 1401 2231 per
1441 2156 1651 2213 Jovem
1689 2172 1925 2214 summo
1966 2155 2035 2211 in
2066 2153 2227 2212 OEtae
2252 2154 2665 2230 fulgurantem
2693 2171 2796 2213 ne

600 2271 605 2280 -
689 2252 873 2298 more,
902 2247 982 2292 ne*
1003 2236 1155 2292 hanc
1179 2254 1308 2293 rem
1328 2254 1423 2292 me
1442 2236 1625 2292 celes.
1668 2252 1793 2292 non
1833 2235 1993 2291 enim
2025 2234 2259 2290 mulieri
2283 2251 2486 2292 verum
2519 2233 2797 2292 fateberis

537 2321 659 2376 440
690 2315 881 2380 malae,
909 2331 1018 2371 nec
1045 2332 1174 2390 quae
1199 2321 1419 2371 sortem
1440 2315 1762 2371 humanam
1784 2314 2039 2406 ignoret,
2060 2318 2127 2370 ut
2153 2330 2248 2371 res
2271 2313 2640 2389 voluptatum
2662 2331 2795 2395 pro·

688 2394 820 2470 pria
864 2402 925 2451 et
964 2400 1250 2470 perpetua
1293 2392 1430 2451 data
1478 2392 1557 2450 sit
1603 2393 1840 2451 nemini.
1920 2391 2003 2450 Ει
2030 2409 2168 2450 vero
2218 2392 2553 2473 quicunque
2586 2401 2796 2453 contra

688 2473 972 2531 Amorem
998 2472 1319 2535 contendit,
1345 2489 1690 2549 manusque,
1719 2471 1878 2528 velut
1901 2473 2089 2548 pugil,
2115 2471 2355 2537 attollit,
2373 2489 2497 2529 non
2517 2480 2682 2531 reete
2704 2491 2796 2532 sa-

688 2553 795 2628 pit.
854 2551 965 2609 lue
990 2552 1153 2608 enim
1178 2568 1437 2639 summos
1461 2551 1646 2608 etiam
1666 2549 1868 2607 Deos
1850 2551 2097 2626 imperio
2123 2552 2297 2627 regit,
2323 2562 2499 2627 prout
2525 2551 2689 2625 vult3
2734 2558 2795 2610 et

687 2630 837 2687 mihi
876 2629 1119 2718 quidem
1157 2647 1340 2707 quum
1378 2625 1522 2701 jura
1559 2629 1680 2696 det,
1706 2628 1907 2708 quidni
1935 2637 1998 2686 et
2033 2631 2224 2701 alteri,
2261 2631 2445 2708 qualis
2474 2628 2588 2708 ego
2610 2631 2791 2691 sum?

454 2739 462 2747 ·
531 2717 656 2772 445
688 2709 888 2770 Quare
912 2710 962 2766 si
986 2705 1304 2802 conjugem
1343 2726 1565 2776 meum,
1594 2709 1707 2766 hoc
1736 2707 1943 2766 morbo
1981 2717 2340 2786 correptum,
2369 2710 2508 2787 quid
2511 2711 2673 2786 piam
2697 2727 2794 2777 ac-

685 2804 909 2855 cusem,
944 2788 1209 2864 profecto
1247 2787 1556 2853 insaniam,
1578 2799 1688 2845 aut
1716 2789 1876 2845 hanc
1918 2789 2219 2855 feminam,
2240 2807 2370 2866 quae
2396 2789 2625 2849 nullius
2643 2789 2795 2848 mihi

688 2865 909 2941 probri,
938 2884 1046 2923 nec
1072 2867 1249 2924 ullius
1266 2883 1441 2925 causa
1460 2867 1578 2924 fuit
1602 2866 1759 2925 mali.
1816 2866 1960 2925 Non
1984 2868 2066 2924 ita
2088 2884 2222 2926 snm
2246 2875 2598 2944 comparata.
2653 2868 2792 2937 Sed,

535 2948 659 3008 450
687 2944 973 3023 siquidem
998 2945 1074 3003 ab
1095 2946 1199 3004 ino
1223 2945 1461 3005 edoctus
1485 2946 1779 3013 mentiris,
1794 2963 2028 3022 pravam
2054 2947 2259 3022 cepisti
2276 2946 2676 3023 disciplinam:
2698 2948 2796 3018 sin

541 3040 553 3055 ·
685 3024 811 3100 ipse
835 3032 1019 3083 temet
1044 3026 1128 3084 ita
1152 3025 1366 3092 erudis,
1394 3027 1628 3104 quando
1655 3025 1811 3083 voles
1835 3043 2011 3083 verax
2034 3043 2183 3093 esse
2211 3026 2464 3085 mendax
2487 3026 2792 3085 videberis.

688 3104 769 3162 At
790 3104 1029 3197 loquere
1056 3105 1335 3198 quidquid
1360 3105 1483 3162 veri
1508 3114 1630 3162 est·
1674 3105 1961 3182 ingenuo
1974 3106 2133 3162 enim
2172 3106 2420 3181 homini,
2447 3105 2795 3165 roendoeem

532 3189 654 3245 4⁵5
689 3185 901 3249 vocari,
929 3185 1114 3259 turpis
1140 3192 1229 3241 est
1252 3193 1411 3242 nota.
1450 3183 1627 3244 Quod
1647 3191 1847 3241 autem
1871 3183 2071 3241 fallere
2096 3190 2156 3240 te
2182 3201 2400 3260 speres,
2417 3200 2494 3243 ne
2519 3185 2632 3242 hoc
2658 3186 2795 3264 qui·

616 3281 620 3285 ’
686 3262 826 3320 dem
847 3263 1003 3319 licet.
1083 3262 1267 3321 Multi
1291 3263 1454 3320 enim
1490 3269 1653 3328 sunt,
1680 3263 1891 3341 quibus
1916 3261 2135 3328 dixisti,
2168 3281 2205 3321 a
2228 3263 2440 3342 quibus
2464 3265 2789 3323 resciscam.

687 3332 796 3399 Sin
810 3350 869 3398 te
882 3341 1117 3398 cohibet
1138 3348 1352 3407 metus,
1368 3341 1587 3399 frustra
1600 3342 1849 3400 metuis·
1881 3358 2020 3398 nam
2036 3343 2087 3399 si
2100 3343 2317 3399 certior
2331 3341 2460 3399 fieri
2476 3360 2790 3420 nequeam,

686 3420 749 3478 id
774 3439 871 3479 me
895 3429 1031 3478 urat
1056 3420 1241 3478 male.
1273 3421 1325 3476 si
1341 3437 1482 3478 vero
1497 3437 1628 3477 rem
1649 3421 2022 3496 comperiam,
2045 3419 2187 3497 quid
2212 3429 2336 3479 tam
2356 3422 2642 3480 acerbum
2657 3430 2777 3479 est.
2763 3424 2788 3465 ὓ

534 3500 657 3573 460
687 3516 888 3557 ιιοιιιιε
912 3508 976 3556 ει
998 3499 1137 3556 alias
1173 3499 1455 3575 plurimas
1491 3500 1737 3557 maritus
1770 3517 1925 3559 unus
1962 3498 2132 3557 duxit
2170 3499 2493 3559 Hercules?
2539 3518 2790 3578 quarum

687 3579 851 3636 nulla
874 3590 1135 3655 unquam
1160 3597 1235 3635 ex
1259 3595 1356 3635 me
1379 3578 1626 3636 verbum
1648 3578 1891 3644 malum,
1914 3577 2265 3659 probrumve
2288 3578 2465 3650 tulit5
2503 3597 2612 3636 nec
2634 3579 2791 3639 feret

689 3658 801 3717 ista
832 3657 1095 3723 tandem,
1123 3674 1197 3713 ne
1220 3657 1510 3735 siquidem
1533 3657 1689 3717 illius
1726 3675 1895 3717 amor
1919 3657 2196 3715 Herculis
2219 3660 2418 3719 animo
2438 3660 2675 3734 penitus
2694 3661 2789 3717 in-

535 3739 657 3795 465
687 3735 920 3793 sederit.
959 3735 1126 3793 Illius
1151 3737 1311 3794 enim
1337 3738 1576 3796 miseret
1601 3755 1697 3793 me
1716 3738 1970 3794 maxime
1988 3736 2474 3804 considerantem,
2493 3744 2565 3795 ut
2579 3738 2793 3799 forma·

688 3808 868 3872 decus
893 3812 1020 3887 ejus
1045 3816 1226 3872 vitam
1264 3833 1499 3909 pessum
1533 3815 1780 3881 dederit,
1822 3824 2004 3892 utque
2049 3815 2256 3873 nolens
2293 3817 2506 3875 misera

684 3910 855 3951 suam
878 3896 1117 3951 vastarit
1136 3902 1197 3951 et
1214 3895 1280 3951 in
1295 3895 1649 3952 servitutem-
1662 3894 1975 3972 redegerit.
2016 3895 2130 3953 Sed
2153 3894 2280 3953 haec
2298 3895 2534 3973 quidem
2552 3914 2629 3954 ex
2645 3902 2785 3955 voto

684 3978 749 4029 et
773 3973 1067 4031 sententia
1085 3972 1340 4044 Ledanty
1362 3973 1473 4030 tibi
1494 3980 1695 4031 autem
1720 3973 1872 4041 dicu,
1888 3991 2037 4051 erga
2051 3975 2311 4052 quemvis
2328 3974 2513 4035 alium
2530 3964 2791 4035 mendax

684 4044 782 4111 ut
780 4052 877 4118 εἰς,
902 4057 965 4109 at
989 4051 1135 4110 mihi
1159 4069 1389 4129 semper
1408 4054 1716 4110 veritatem
1740 4052 1914 4112 dicas.

531 4137 657 4201 470
765 4093 899 4188 (ΞΗ.
940 4130 1300 4205 Obtempera
1321 4138 1481 4189 recta
1513 4133 1781 4191 monenti
1820 4132 1958 4189 huic
1988 4131 2258 4199 mulieri,
2303 4133 2460 4212 quod
2479 4133 2534 4191 si
2543 4132 2783 4200 feceris,

682 4226 795 4272 nec
818 4217 880 4266 te
906 4209 989 4266 illi
1013 4226 1242 4267 morem
1257 4210 1499 4286 gessisse
1525 4211 1666 4269 olim
1691 4210 2024 4286 poenitebit,
2047 4221 2111 4269 et
2134 4228 2172 4269 a
2193 4228 2292 4270 me
2309 4213 2485 4272 inibis
2508 4212 2782 4290 gratiam.

762 4287 980 4349 LICH.
1018 4288 1121 4356 At,
1149 4288 1186 4347 ὀ
1203 4306 1347 4348 cara
1376 4288 1637 4359 domina,
1664 4289 1947 4369 quoniam
1972 4297 2035 4351 te
2057 4290 2231 4360 video
2267 4291 2529 4357 humana
2554 4306 2783 4370 sapere,
