3017 4900
1199 279 1473 350 AJAX.
1691 362 1700 372 ,
1734 351 1739 354 ,
2251 296 2379 355 205

364 450 623 514 Ntm'r.
661 450 759 513 Ex
794 451 1140 531 Thestoride
1177 463 1327 522 vate,
1352 455 1513 514 hune
1548 454 1745 533 ipsum
1780 454 1938 515 diem
1976 455 2065 515 ini
2090 456 2184 516 vel
2221 476 2382 518 rnor-

287 538 420 592 tem
445 535 539 592 vel
561 534 743 590 vitam
767 531 990 593 afferre.
1225 543 1228 546 ’

368 611 621 671 TEcM.
661 610 780 670 Hei
818 610 997 669 mihi!
1041 612 1233 678 amici,
1274 630 1444 689 opem
1463 612 1633 676 ‚ferte
1671 612 1737 670 in
1759 614 1999 690 urgenti
2036 614 2145 676 hac
2185 632 2383 673 neces·
2564 665 2570 671 .

287 691 468 749 sitate
483 716 506 764 3
550 691 879 767 partimque
914 690 1187 748 festinate
1224 689 1517 750 Teucrum
1564 691 1723 749 ocius
1761 691 1877 750 huc
1915 710 2199 754 arcessere
2221 719 2238 751 a
2283 696 2383 753 alii
2417 702 2534 759 805

283 786 434 830 vero
448 770 526 830 ad
546 769 923 830 occidentalia
937 771 1229 836 montium
1240 764 1419 847 jugO,
1433 769 1532 828 alii
1558 769 1631 828 ad
1656 771 1957 828 orientalia
1980 780 2208 839 eunteS‚
2226 790 2383 851 quae-

288 850 415 907 rite
440 849 646 907 ubisit
670 849 755 905 vir
780 848 1140 923 inauspicato
1179 866 1456 925 egressus.
1540 850 1741 907 Sentio
1765 850 1924 906 enim
1951 869 2045 908 me
2071 870 2108 908 a
2131 853 2256 909 viro
2280 852 2382 911 de·

287 935 551 1004 ceptam,
578 935 640 984 et
664 927 844 984 veteri
869 926 1023 1002 apud
1049 928 1237 1002 ipsum
1262 928 1453 1004 gratia
1481 927 1773 987 excidisse.
1854 928 1973 987 Hei
2013 929 2197 987 mihi!
2243 927 2383 1007 quid

285 1023 494 1083 agam,
541 1006 667 1064 fili?
711 1006 973 1083 segnitiae
1016 1006 1163 1063 nihil
1203 1006 1315 1064 loci
1357 1013 1482 1066 est:
1527 1006 1628 1065 sed
1671 1024 1915 1086 pergam
1959 1013 2020 1065 et
2064 1026 2177 1085 ego
2220 1010 2379 1076 illuc,
2416 1015 2562 1075 810„

288 1102 479 1162 quam
523 1102 676 1162 queo
717 1085 1007 1142 citissime.
1084 1083 1326 1152 Eamus,
1372 1086 1776 1152 acceleremuS,
1822 1094 2040 1144 cessato
2087 1087 2245 1148 haud
2293 1096 2383 1146 est

285 1180 465 1239 opus,
492 1165 543 1221 si
568 1164 832 1240 cupimus
855 1164 1049 1240 virum
1071 1181 1318 1231 servare,
1344 1164 1445 1242 qui
1471 1171 1744 1241 properat
1768 1166 1937 1223 mori.
2243 1231 2250 1239 ‚

376 1240 511 1300 CH.
551 1242 793 1300 Paratus
817 1260 946 1300 sum
972 1242 1091 1313 ire3
1136 1260 1323 1321 neque
1348 1242 1536 1301 verbis
1560 1244 1621 1300 id
1647 1243 1959 1313 ostendam>
1988 1243 2165 1302 modo
2183 1269 2199 1299 ε
2241 1261 2382 1306 con-

284 1329 577 1398 flequetur
598 1322 758 1379 enim
782 1321 999 1396 pedum
1022 1322 1200 1381 etiam
1224 1321 1529 1399 operisque
1554 1322 1834 1380 celeritas,
2480 1383 2485 1392 ι

371 1399 490 1458 AJ.
530 1401 658 1460 Stat
696 1400 934 1477 quidem
973 1407 1200 1460 erectus
1239 1402 1458 1459 occisor
1495 1401 1648 1458 ensis
1686 1399 1761 1459 ad
1799 1419 1936 1458 eum
1974 1401 2233 1465 modum,
2263 1419 2381 1480 quo
2414 1413 2532 1469 815

286 1478 555 1540 maxime
585 1487 890 1555 penetrare
917 1489 1110 1556 queat,
1135 1481 1303 1537 sicui
1327 1486 1388 1537 et
1410 1481 1524 1538 hoc
1547 1479 1909 1537 considerare
1935 1485 2121 1545 vacat,
2156 1476 2382 1539 donum
2478 1545 2483 1552 ,

292 1557 597 1625 HectoriS,
625 1558 1093 1634 hospitum-mihi
1116 1560 1366 1617 maxime
1399 1559 1560 1618 exosi
1597 1567 1658 1615 et
1696 1559 2054 1616 invisissimi:
2098 1559 2380 1635 impactus

283 1643 385 1694 est
424 1654 560 1698 vero
597 1638 663 1693 in
701 1637 898 1694 hostili
934 1636 1147 1695 Tro'ico
1184 1639 1329 1704 solo,
1366 1638 1593 1696 ferrum
1631 1637 1973 1695 absumente
2009 1644 2141 1694 cote
2178 1656 2380 1698 recens
2415 1648 2537 1705 820

283 1724 572 1773 exacutus
595 1739 610 1771 ι
638 1717 760 1790 ipse
784 1724 983 1774 autem
1008 1734 1143 1774 eum
1168 1716 1345 1774 defixi
1374 1717 1712 1793 expeditum
1737 1716 1936 1792 probe,
1959 1716 2378 1775 benevolentis-

290 1794 521 1851 simum
562 1795 725 1861 mihi,
764 1802 836 1853 ut
862 1796 1143 1870 protinus
1186 1796 1423 1853 moriar.
1500 1796 1595 1853 Ita
1637 1795 1872 1872 quidem
1918 1796 2067 1852 bene
2111 1796 2382 1855 instruct-i

289 1883 524 1930 sumus:
598 1872 740 1931 Post
776 1874 877 1930 illa
906 1892 1042 1948 vero
1081 1882 1152 1931 tu
1188 1875 1411 1951 primus
1450 1892 1567 1941 me,
1593 1874 1847 1950 Jupiter,
1873 1875 1955 1931 sic
1993 1875 2154 1931 enim
2191 1875 2380 1941 decet,

278 1946 476 2025 juva:
517 1969 730 2009 munus
753 1968 891 2009 vero
914 1952 1014 2009 abs
1039 1960 1099 2009 te
1124 1959 1319 2027 petam
1352 1952 1508 2010 haud
1548 1954 1632 2010 ita
1671 1970 1993 2029 magnum:
2040 1954 2210 2011 mitte
2247 1972 2381 2012 mea
2414 1964 2531 2021 823

281 2030 490 2105 gratia
511 2032 787 2088 nuntium
811 2031 1164 2107 quempiam,
1201 2031 1559 2108 Teucro‘qui
1592 2031 1817 2088 tristem
1855 2031 2072 2089 famam
2110 2032 2279 2098 ferat,
2305 2041 2380 2092 ut

286 2108 397 2165 ille
424 2110 858 2186 quamprimum
895 2128 992 2166 me
1030 2118 1090 2167 et
1129 2118 1263 2166 ante
1304 2127 1507 2166 omnes
1546 2108 1711 2167 tollat
1750 2110 2069 2184 collapsum
2112 2110 2177 2167 in
2219 2112 2379 2168 hunc
2454 2155 2459 2158 Α

287 2196 609 2265 mentum
649 2187 931 2265 gladium,
977 2196 1037 2245 et
1076 2206 1150 2245 ne
1194 2188 1268 2245 ab
1307 2188 1545 2246 inimico
1583 2189 1778 2264 aliquo
1817 2194 2159 2263 conspectus
2197 2191 2376 2264 prius,

285 2262 569 2342 projiciar
598 2266 834 2325 canibus
859 2267 1200 2345 alitibusque
1227 2267 1438 2342 praeda.
1522 2267 1781 2340 Tantum
1807 2276 1886 2332 te,
1912 2266 2164 2342 Jupiter,
2191 2284 2371 2344 rogo:
2413 2276 2534 2334 830

286 2345 586 2422 simulque
609 2347 816 2403 invoco
839 2345 1203 2408 Mercurium
1225 2345 1509 2412 Inferum,
1530 2347 1859 2403 animarum
1882 2344 2278 2413 deductorem,
2305 2352 2377 2405 ut

287 2442 395 2482 me
418 2424 631 2482 leniter
653 2426 857 2501 sopiat,
883 2425 1042 2483 facili
1064 2425 1350 2503 celerique
1375 2423 1717 2502 defunctum
1743 2443 1896 2492 casu,
1915 2424 2017 2482 ubi
2041 2425 2153 2482 hoc
2176 2424 2376 2561 ςέἶάἱο

283 2503 451 2563 latus
467 2520 805 2580 perrupero.
882 2504 1048 2566 Quin
1065 2504 1282 2562 advoco
1306 2506 1371 2562 in
1392 2504 1674 2563 auxilium
1700 2505 2197 2580 sempervirgines,
2285 2523 2376 2563 m·
2408 2520 2526 2577 335

292 2599 523 2659 perque
545 2586 840 2641 intuentes
863 2584 1199 2642 mortalium
1226 2585 1395 2650 facta,
1421 2582 1772 2641 venerandas
1812 2582 2159 2669 celeripedes
2198 2583 2381 2643 Erin-

291 2674 463 2736 nyas,
503 2670 572 2719 ut
621 2669 994 2738 cognoscant,
1035 2661 1522 2739 quemadmodum
1572 2660 1646 2721 ab
1684 2661 1904 2719 Atridis
1944 2663 2125 2738 'pereo
2163 2664 2389 2721 miser*
2496 2666 2501 2671 ’

289 2748 478 2818 atque
514 2740 645 2798 illos
692 2740 966 2798 ultimum
1005 2741 1069 2797 in
1106 2742 1349 2799 exitium
1387 2741 1704 2815 corripiant
1743 2741 1926 2798 malos
1964 2742 2149 2799 male:
2197 2748 2379 2819 utque

245 2852 258 2863 -
291 2836 399 2876 me
424 2818 623 2878 vident
646 2836 830 2877 manu
846 2837 980 2879 mea
1000 2819 1223 2886 cadere,
1252 2820 1333 2877 sic
1357 2819 1444 2876 illi
1469 2839 1507 2876 a
1529 2820 1833 2881 carissimis
1864 2837 2105 2878 suorum
2127 2820 2379 2879 liberum
2408 2818 2534 2888 ’840
2621 2890 2625 2895 .
2689 2847 2696 2854 ·

287 2896 370 2955 ad
414 2914 615 2955 necem
655 2897 862 2966 adacti,
888 2899 1123 2974 propria
1160 2915 1339 2956 manu
1377 2896 1505 2956 sibi
1527 2898 1709 2954 letum
1750 2899 2124 2957 consciscant.
2203 2898 2315 2966 Ite,
2342 2900 2382 2958 ὁ

245 3030 254 3037 ,
288 2975 524 3033 veloces
546 2978 889 3054 ultricesque
912 2975 1220 3054 Erinnyes‚
1247 2984 1470 3034 tentate
1495 2978 1816 3034 exercitum
1843 2992 2100 3042 omnem,
2144 2995 2219 3034 ne
2245 2984 2380 3053 pa'r-

249 3108 258 3115 .
289 3057 436 3113 cite.
514 3053 739 3133 Tuque,
763 3055 804 3113 ὁ
840 3073 945 3131 per
982 3056 1168 3114 altum
1205 3056 1422 3113 coelum
1462 3056 1562 3131 qui
1599 3072 1838 3112 currum
1876 3056 2022 3131 agiS,
2050 3055 2168 3122 Sol,
2197 3058 2379 3133 q'uum
2413 3067 2532 3126 845

241 3174 254 3181 -
291 3141 521 3192 terram
545 3135 737 3192 meam
776 3140 1081 3208 paternam
1105 3133 1341 3199 videbis,
1376 3133 1644 3197 inhibens
1685 3152 1999 3211 parumper
2035 3138 2241 3193 aureas
2276 3135 2383 3193 ha.-⁴

290 3210 499 3278 henas,
551 3214 760 3270 nuntia
808 3213 1183 3279 calamitates,
1235 3213 1537 3289 fatumque
1584 3231 1802 3276 meum*
1840 3213 2152 3289 grandaevo
2184 3214 2379 3289 =patri,
2600 3252 2607 3264 .

290 3291 639 3368 miseraeque
663 3292 856 3349 matri.
895 3291 1194 3349 Nimirum
1213 3292 1415 3349 infelix
1431 3293 1550 3354 illa,
1572 3293 1678 3349 ubi
1696 3293 1846 3349 hano
1865 3292 2116 3350 audierit
2139 3291 2377 3359 famam,
2413 3303 2543 3360 850
2622 3301 2641 3319 ’

487 3376 606 3427 tem
644 3387 749 3447 per
786 3377 973 3429 totam
1014 3369 1223 3428 urbem
1257 3370 1394 3428 edet
1436 3366 1741 3442 ejulatum.
1820 3370 1931 3427 Sed
1980 3371 2127 3428 nihil
2168 3372 2380 3429 attinet
2408 3413 2412 3416 <

291 3449 427 3507 haec
450 3447 668 3513 frustra
690 3448 1023 3524 deplorare:
1067 3451 1209 3527 quin
1235 3449 1424 3526 potius
1452 3467 1583 3507 rem
1620 3449 1889 3506 celeriter
1926 3449 2168 3526 aggredi
2207 3467 2378 3525 opor·

289 3533 407 3589 tet.
487 3528 543 3584 O
578 3527 768 3596 Mors,
791 3527 977 3595 Mors,
1016 3546 1177 3588 nunc
1214 3528 1348 3585 ades
1388 3534 1448 3584 et
1486 3545 1582 3586 me
1627 3528 1843 3603 respice
1864 3553 1891 3605 3⁸
1928 3532 2278 3605 quamquam
2319 3535 2379 3589 te
2411 3537 2530 3596 855

277 3604 541 3684 quidem
577 3607 694 3664 illic
732 3623 852 3664 una
887 3625 1229 3667 conversans
1270 3605 1505 3664 affabor.
1583 3606 1673 3663 Te
1719 3614 1938 3672 autem,
1983 3606 2021 3664 ὀ
2063 3606 2379 3681 splendidae
2467 3612 2477 3621 '
2562 3616 2588 3631 “

185 3738 192 3743 .
289 3685 421 3743 diei
456 3702 707 3760 praesens
746 3681 942 3756 jubar,
985 3694 1045 3744 et
1088 3686 1284 3744 Solem
1324 3687 1589 3762 aurigam
1630 3703 1787 3744 nunc
1825 3686 2108 3761 alloquor,
2155 3694 2379 3761 postre-

289 3781 470 3824 mum
499 3782 665 3830 sane,
696 3772 759 3822 et
796 3783 1101 3841 nunquam
1139 3766 1376 3841 posthac
1411 3765 1680 3839 amplius.
1759 3763 1815 3820 Ο
1854 3764 2073 3831 lumen,
2100 3763 2137 3820 ὁ
2177 3765 2379 3839 patriae

292 3847 475 3900 terrae
524 3842 828 3900 Salaminis
878 3861 1108 3902 sacrum
1155 3845 1366 3910 solum,
1417 3842 1455 3900 ὂ
1503 3843 1717 3903 lartum
1768 3850 2144 3918 paternorum
2196 3843 2378 3911 sedae,
2412 3854 2532 3908 860

290 3921 658 3997 imlytaequae
682 3921 948 3988 Athenas,
975 3930 1038 3979 et
1074 3922 1383 3980 educatum
1421 3941 1540 3981 una
1577 3938 1785 3997 genuS,
1824 3921 2150 3998 fontesque,
2189 3922 2381 3981 flumi-

241 4040 252 4047 -
290 4015 494 4075 mque
519 4000 658 4063 haec,
686 4009 751 4058 et
772 3997 1017 4072 Trojani
1041 4004 1251 4077 campi,
1278 4018 1376 4058 vos
1416 4001 1680 4076 appello;
1725 4000 1909 4058 valete
1950 4001 2185 4058 nutricii
2225 4002 2376 4059 meix

287 4079 427 4137 haee
451 4079 611 4144 vobis
647 4077 801 4152 Ajax
837 4079 962 4137 edit
997 4079 1207 4138 ultima
1243 4081 1452 4139 verba:
1495 4087 1690 4137 cetera
1727 4079 1884 4155 apud
1922 4080 2143 4138 Orcum
2178 4080 2380 4139 inferis
2406 4066 2528 4143 bGS

379 4234 711 4295 SEMICH.
750 4233 951 4295 Labor
970 4236 1159 4295 labori
1182 4235 1412 4303 additus
1434 4236 1695 4295 laborem
1720 4236 1997 4296 cumulat.
2038 4236 2174 4299 Quo
2201 4235 2388 4309 enim,

294 4331 423 4397 quo
445 4331 564 4376 non
590 4316 890 4395 penetravi
914 4317 1063 4397 ego?
1104 4333 1213 4375 nee
1233 4323 1434 4377 tamen
1453 4315 1606 4375 ullus
1627 4326 1714 4378 est
1738 4316 1918 4397 locus,
1938 4317 2035 4396 qui
2052 4334 2147 4376 me
2165 4313 2382 4379 condo·
2458 4316 2492 4408 ‘⁸
