3017 4900
2188 149 2196 158 θ
2287 155 2295 162 ο

2183 161 2239 191 δ’.
2276 167 2294 184 «“

946 203 1342 310 ‘OEnlrus
1364 201 1615 308 anx.
2027 323 2035 334 ⁴
2095 317 2102 322 ,
2199 251 2323 315 ιοε

254 414 651 487 putenm
684 426 847 471 eram
882 421 1108 489 patrem
1133 416 1371 474 meum?
1413 414 1521 473 Ille
1549 430 1685 476 vem
1706 412 2018 474 exstinctus
2042 414 2310 474 conditus

256 496 342 546 est
362 490 468 547 sub
492 498 680 548 terra:
724 498 787 548 at
818 510 933 567 ego
971 494 1071 570 qui
1108 493 1206 551 hic
1232 512 1361 551 sum
1401 512 1600 551 ensem
1639 494 1701 550 in
1741 511 1875 550 curn
1913 509 2032 550 non
2057 495 2262 551 strinxi
2286 519 2300 555 ς
2422 493 2456 520 ⁶

254 569 361 626 nisi
397 567 549 625 forte
584 570 702 626 mei
726 569 1011 646 desiderio
1040 569 1360 638 contabuit,
1386 572 1644 650 adeoque
1666 573 1746 629 sic
1772 590 1805 629 a
1832 590 1926 630 me
1952 573 2167 629 occisus
2190 572 2303 630 dici
2323 580 2442 641 970

250 647 440 723 possit.
475 646 644 723 Ergo
660 644 820 718 jacet
843 649 999 725 apud
1024 650 1238 709 inferos
1264 650 1529 727 Polybus,
1557 651 1903 729 abstulitque
1926 668 2122 710 secum
2149 669 2303 730 quae-

249 742 471 802 eunque
496 726 653 783 edita
675 726 908 785 fuerant
935 729 1147 786 nullius
1173 728 1346 804 pretii
1372 730 1625 787 oracula.

322 804 482 862 JOC.
521 806 742 862 Annon
766 823 880 883 ego
904 806 1016 876 ista
1040 807 1147 864 tibi
1170 807 1411 883 praedixi
1435 807 1659 884 pridem
1683 808 1703 866 ἒ

319 882 509 942 OED.
547 882 797 942 Dicebas
821 884 1093 962 quidem3
1133 896 1196 943 at
1220 903 1334 963 ego
1357 894 1520 944 metu
1544 895 1898 944 transversus
1922 884 2153 964 agebar.

258 964 269 972 ’
322 960 486 1019 ³00.
523 960 619 1019 Ne
642 980 788 1039 ergo
813 964 909 1039 qui
981 982 1117 1022 uam
1140 965 1353 1022 horum
1378 965 1617 1040 posthac
1641 966 1705 1022 in
1728 965 1990 1022 animum
2014 965 2266 1024 induoes.
2317 969 2462 1033 975·

318 1039 506 1097 OED.
547 1040 667 1103 Qut
693 1059 829 1099 vero
854 1050 878 1098 t
1074 1061 1177 1100 um
1202 1044 1403 1101 matris
1426 1044 1610 1101 vereri
1635 1042 1946 1100 desistam?
1999 1101 2010 1120 ἶ

236 1163 243 1170 .
316 1117 351 1174 J
356 1118 480 1177 OC.
517 1119 679 1182 Quid
717 1123 947 1177 metuas
981 1122 1174 1184 homo,
1205 1140 1383 1199 quum
1423 1140 1515 1180 res
1555 1122 1835 1178 humanas
1874 1138 2075 1179 omnes
2113 1127 2299 1179 verset

243 1194 519 1276 Fortuna,
553 1198 768 1256 nullius
806 1207 1003 1256 autem
1036 1200 1123 1256 rei
1160 1200 1520 1276 providentia
1556 1208 1715 1258 certa
1738 1201 1812 1256 sit
1834 1201 1852 1256 ?
1875 1231 1878 1236 >
1898 1201 2184 1275 optimum
2212 1208 2299 1257 est

244 1284 456 1333 temere
479 1277 690 1342 vivere,
718 1288 786 1334 ut
813 1278 1053 1356 quisque
1071 1280 1276 1366 possit.
1320 1278 1415 1337 Tu
1440 1297 1578 1337 vero
1604 1298 1679 1336 ne
1702 1287 1925 1338 metuas
1949 1296 2086 1344 cum
2112 1286 2296 1336 matre
2316 1280 2436 1339 980

243 1371 607 1430 congressus:
651 1357 821 1412 multi
864 1357 1022 1413 enim
1059 1375 1186 1430 Jam
1224 1359 1288 1414 in
1326 1358 1565 1416 somniis
1603 1357 1866 1414 homines
1895 1356 2003 1413 sibi
2028 1358 2128 1414 visi
2162 1364 2299 1415 sunt
2459 1427 2466 1436 ι

242 1449 371 1574 {illunc}
394 1444 584 1568 ἱπιιὲἑῗ
608 1451 815 1569 οοῖῒρυε
837 1436 1093 1495 miseere.
1170 1436 1286 1495 Sed
1312 1436 1421 1496 ista
1445 1435 1547 1516 qui
1585 1436 1752 1495 nihili
1786 1452 1907 1495 esse
1934 1434 2111 1503 ducit,
2137 1435 2297 1494 facil·
2332 1449 2345 1463 ⁸
2421 1489 2424 1490 γ

313 1589 503 1647 OED.
545 1531 741 1648 Biz-{to-
753 1592 877 1650 haec
915 1593 1113 1649 omnia
1150 1591 1258 1649 tibi
1295 1552 1450 1650 dicta
1480 1593 1696 1659 forent,
1724 1593 1835 1649 nisi
1857 1593 2073 1649 viveret
2110 1591 2310 1650 adhuc'

242 1677 424 1727 mater
448 1687 612 1727 mea:
648 1673 710 1740 at
732 1673 962 1747 quando
978 1681 1258 1746 superest,
1281 1672 1543 1749 quamvis
1560 1681 1714 1730 recte
1738 1670 2011 1749 loquaris,
2031 1671 2158 1730 fieri
2177 1690 2296 1730 non
2316 1675 2431 1744 985,

241 1755 421 1826 potest
444 1750 591 1825 Tquin
616 1749 872 1807 timeam.
1739 1793 1748 1800 .
2255 1749 2264 1754 ⁷
2417 1769 2434 1785 ⁹

307 1825 471 1885 JOC.
511 1829 690 1903 Atqui
717 1845 994 1904 magnum
1023 1838 1442 1904 argumentum
1465 1835 1554 1884 est
1577 1827 1906 1904 sepulcrum
1936 1829 2130 1904 patris,

268 1913 275 1924 '
310 1904 499 2039 QED.
539 1905 850 1983 Magnum,
891 1905 1160 1983 intelligo
1182 1931 1197 1962 a
1241 1914 1502 1965 attamen
1542 1908 1685 1966 dum
1729 1908 1868 1964 vivit
1913 1908 2031 1975 illa,
2059 1918 2154 1965 est
2190 1925 2298 1967 cur

242 1999 563 2183 ωῗίᾗῖῑῧὲᾞ
603 2062 835 2130 Quaeso,
862 2079 1128 2142 quaenam
1152 2070 1239 2121 est
1265 2062 1367 2121 illa
1398 2064 1633 2133 mulier,
1660 2082 1788 2143 quae
1812 2064 1972 2122 vobis
2012 2071 2294 2124 terrorem

242 2149 497 2277 mxl-{D
538 2217 801 2297 Merope,
827 2218 865 2278 ὁ
888 2238 1082 2287 senex,
1112 2238 1240 2298 quae
1265 2237 1401 2277 cum
1425 2219 1646 2298 Polybo
1673 2226 1855 2297 nupta
1877 2219 2007 2282 fuit.
2309 2224 2430 2282 990

206 2300 214 2306 ’
306 2295 423 2357 ΝΠ
428 2298 560 2356 ΝΤ.
603 2298 760 2361 Quid
785 2310 873 2357 est
896 2306 1089 2357 autem
1116 2316 1221 2355 cur
1244 2298 1405 2356 illam
1430 2300 1744 2357 metuatis?

308 2376 497 2434 OED.
542 2377 818 2435 Divinum
840 2377 1159 2444 oraculum,
1183 2376 1219 2434 ὁ
1243 2379 1469 2454 hospes,
1498 2372 1674 2457 idque
1696 2378 1991 2436 horribile.

305 2453 564 2515 NUNT.
604 2458 876 2515 Potestne
902 2457 1038 2523 dici,
1063 2473 1140 2515 an
1167 2458 1325 2516 nefas
1351 2468 1440 2513 est
1464 2460 1721 2532 quemvis
1746 2459 1923 2515 alium
1949 2456 2132 2514 scire?

309 2534 495 2593 OED.
537 2534 794 2594 Maxime
818 2559 832 2593 ε
875 2537 1021 2594 dixit
1060 2538 1217 2592 enim
1255 2536 1462 2612 Apollo
1502 2538 1639 2593 olim
1666 2555 1762 2594 me
1787 2555 1921 2595 cum
1960 2554 2092 2593 mea
2118 2536 2290 2612 ipsius
2308 2537 2424 2594 995

243 2623 419 2671 matre
468 2615 934 2680 concubiturum,
978 2621 1039 2671 et
1087 2615 1431 2691 sanguinem
1479 2623 1789 2690 paternum
1823 2615 2101 2673 manibus
2152 2615 2297 2672 meis

241 2691 595 2752 hausturum.
675 2693 1047 2770 Quapropter
1078 2689 1201 2765 jam
1244 2693 1384 2749 olim
1409 2710 1445 2749 a
1470 2695 1756 2751 Corintho
1795 2693 1997 2770 procul
2033 2692 2294 2750 habitare

238 2774 373 2846 coepi
396 2797 412 2828 a
455 2772 703 2829 feliciter
738 2790 910 2845 sane3
952 2771 1055 2831 sed
1093 2780 1288 2829 tamen
1325 2781 1636 2851 parentum
1674 2782 1983 2849 conspectu
2020 2772 2135 2829 frui
2161 2789 2290 2829 sua-

238 2851 524 2907 vissimum
551 2850 676 2908 est.'
1369 2883 1375 2889 ⁴

309 2927 562 2986 NUNT.
606 2929 906 2987 Numnam
933 2928 1177 2985 istorum
1203 2926 1281 2985 ob
1305 2939 1529 2986 metum
1553 2928 1712 2986 illinc
1736 2926 1926 2987 abiisti
1952 2928 2155 2988 exsul?
2305 2931 2462 2984 1000

294 3006 494 3064 'OED.
536 3007 692 3064 Tum
716 3010 890 3064 etiam
915 3016 983 3063 ut
1007 3008 1185 3082 patris
1212 3025 1285 3064 ne
1312 3007 1510 3064 fierem
1539 3008 1776 3073 occisor,
1803 3025 1995 3066 senex.
2070 3034 2076 3039 ·

305 3082 558 3144 NUNT.
584 3085 807 3147 Quidni
827 3103 972 3162 ergo
996 3093 1075 3152 te,
1095 3085 1134 3149 ὁ
1159 3103 1281 3153 rex,
1307 3084 1381 3142 ab
1406 3087 1518 3143 hoc
1541 3087 1753 3144 timore
1770 3085 1976 3153 libero,
2002 3085 2286 3165 siquidem

237 3160 507 3228 benevolo
527 3182 670 3242 erga
694 3172 752 3222 te
773 3182 904 3222 sum
929 3165 1125 3221 animo
1147 3166 1168 3221 ?
1561 3174 1566 3177 “
2321 3188 2326 3193 ·

277 3241 491 3302 «OED.
533 3243 682 3301 Sane
706 3242 1056 3319 condignam
1081 3242 1188 3300 tibi
1213 3241 1490 3301 referrem
1515 3242 1785 3319 gratiam.

278 3319 556 3380 -NUNT.
596 3323 779 3400 Atqui
803 3322 951 3379 hanc
980 3322 1230 3378 maxime
1255 3321 1333 3378 ob
1368 3338 1602 3379 causam*
1622 3322 1776 3387 veni,
1802 3328 1890 3389 ut,
1914 3320 2017 3379 ubi
2041 3321 2281 3380 domum
2303 3323 2454 3385 1005

238 3412 483 3472 reversus
505 3398 948 3479 fuerim-aliquid
971 3399 1117 3457 mihi
1139 3399 1312 3458 facias
1336 3400 1495 3457 boni.
1616 3424 1621 3429 v
1653 3415 1662 3425 ⁴
1809 3422 1814 3429 -

304 3479 488 3536 OED.
529 3478 608 3536 At
632 3492 927 3556 nunquam
953 3487 1233 3554 parentes
1243 3495 1402 3535 meos
1426 3477 1781 3535 conveniam.

303 3556 556 3617 NUNT.
578 3555 653 3636 ‚O
677 3557 784 3623 fili,
810 3556 1112 3614 manifeste
1134 3565 1397 3632 apparet,
1422 3565 1483 3614 te
1513 3558 1732 3612 nescire
1758 3555 1911 3633 quod
1937 3555 2080 3634 agis.

276 3634 488 3695 {OED.
529 3634 857 3699 Quomodo,
884 3633 922 3691 ὁ
944 3636 1166 3693 senex?
1249 3652 1313 3692 er
1333 3634 1497 3693 Deos·
1518 3634 1659 3690 doce
1683 3648 1794 3692 me.

302 3712 555 3773 NUNT.
594 3714 657 3772 Si
678 3715 890 3771 horum
914 3715 1104 3791 gratia
1127 3732 1164 3772 a
1227 3730 1362 3771 omo
1386 3712 1622 3789 refugis,
1665 3734 1672 3739 ·
2302 3712 2459 3773 1010

305 3792 492 3851 OED.
531 3790 743 3851 Metuo
765 3793 966 3870 utique
989 3810 1064 3850 ne
1090 3791 1234 3849 mihi
1260 3791 1467 3867 Apollo
1490 3789 1696 3846 evadat
1719 3789 2018 3846 veridicus.

301 3868 553 3929 NUNT.
589 3868 758 3929 Num
783 3888 857 3928 ne
884 3871 1023 3952 quid
1048 3870 1260 3948 piaculi
1283 3888 1318 3928 a
1336 3867 1676 3946 parentibus
1699 3869 2048 3925 contrahas?

301 3948 487 4015 OED.
530 3948 664 4007 Hoc
685 3950 896 4025 ipsum,
921 3967 1116 4017 senex,
1141 3949 1254 4006 hoc
1278 3965 1373 4005 me
1397 3966 1443 4004 s(
1458 3964 1628 4023 mper
1649 3949 1895 4004 territat.
2075 3962 2078 3969 ·

301 4024 553 4087 NUNT.
589 4027 843 4094 Nostin’,
868 4027 1094 4095 amab0‚
1120 4027 1344 4084 nullam
1371 4044 1492 4084 esse
1517 4043 1625 4081 cur
1647 4027 1851 4080 timeas
1876 4024 2147 4082 causam?
2335 4056 2360 4070 ·

286 4104 495 4163 som).
535 4106 757 4167 Quidni
777 4122 935 4172 vem,
959 4105 1240 4184 siquidem
1264 4105 1355 4162 his
1377 4103 1713 4182 parentibus
1738 4110 1909 4161 natus
1932 4121 2059 4160 sum
2083 4104 2104 4158 ?
2305 4104 2453 4158 1015

305 4180 556 4247 NUNT.
580 4185 749 4246 'Quia
762 4202 980 4263 genere
1004 4185 1119 4243 tibi
1133 4183 1298 4240 nullo
1323 4184 1498 4240 modo
1522 4177 1865 4252 conjunctus
1882 4181 1997 4241 fuit
2022 4178 2284 4257 Polybus.

306 4260 491 4322 OED.
531 4262 688 4327 Quid
712 4264 948 4327 narras?
992 4279 1186 4324 annon
1215 4261 1465 4340 Polybus
1489 4279 1585 4321 me
1608 4261 1859 4345 genuit?
