3017 4900
687 287 816 350 mo
1206 237 1213 244 ’
1395 253 1785 346 OEDIPUS
1828 269 2059 345 Rex.

762 449 952 514 OED.
995 443 1173 513 Hoc
1146 471 1274 528 ιιειιιι
1300 453 1464 518 scito,
1493 443 1575 519 t'e,
1602 467 1786 531 quum
1815 452 1928 512 hoc
1951 451 2138 531 cupis,
2164 449 2316 509 nihil
2338 451 2536 514 minus
2558 459 2796 531 cuper!

682 534 834 592 mihi
860 551 1036 618 quam
1063 542 1317 592 mortem
1341 541 1446 592 aut
1471 532 1734 591 exilium.

551 617 672 672 660
762 614 898 671 CH.
937 613 1190 671 Minime
1213 629 1389 682 sane3
1423 610 1692 670 Deorum
1719 610 1986 668 omnium
2005 608 2341 704 principem
2353 608 2554 670 Deum
2579 609 2796 670 Solen!

564 701 573 712 “
687 698 950 751 attestor.
1045 691 1159 749 Sed
1207 691 1335 748 Diis
1402 690 1854 779 hominibusque
1905 690 2144 756 invisus,
2197 690 2455 762 pessimis
2495 675 2794 765 exemplis

552 773 669 830 ⁶65
687 790 946 847 peream,
973 771 1023 829 si
1049 771 1367 864 quidquam
1390 765 1574 841 hujus
1593 770 1807 845 cogito.
1866 768 1947 825 At
1970 768 2115 826 mihi
2143 767 2362 825 infelici
2385 769 2657 826 animum
2685 787 2794 827 exe

686 852 908 909 cruciat
953 851 1156 926 patriae
1199 850 1518 914 calamitas,
1553 848 1940 926 acerbiorque·
1966 847 2069 905 flet
2112 847 2364 956 miseria,
2398 848 2448 905 si
2487 848 2805 924 prioribus·
2877 865 2882 872 ·

685 930 855 987 malis
881 930 995 989 ista
1014 927 1290 986 accedant
1315 947 1351 985 a
1377 928 1540 984 vobis
1566 934 1712 985 orta.

765 1007 955 1066 OED.
995 1007 1181 1066 Abeat
1207 1009 1392 1084 igitur
1415 1006 1534 1072 ille,
1559 1004 1790 1066 etiamsi
1825 1022 1923 1064 me
1960 949 2226 1064 funditus
2263 1006 2457 1081 perire
2486 1012 2793 1080 oportent,

553 1079 674 1152 670
688 1094 791 1144 aut
814 1095 1222 1163 contemptum
1262 1085 1535 1143 omnibus
1560 1085 1618 1141 vi
1643 1103 1714 1143 ex
1756 1084 1865 1142 hae
1891 1084 2036 1142 urbe
2064 1080 2217 1154 eiici.
2292 1083 2425 1142 Tua
2447 1085 2628 1149 enim,
2660 1102 2797 1145 non

687 1167 862 1233 illius,
890 1165 1207 1224 miserabili
1230 1165 1494 1225 oratione
1519 1177 1911 1222 commoveor.
1960 1164 2044 1221 At
2067 1164 2189 1232 ille,
2217 1162 2554 1242 ubieunque
2577 1165 2795 1231 fuerit,

688 1246 826 1302 odio
851 1233 1181 1304 h'abebitur.

766 1324 893 1383 CR.
936 1325 1189 1382 Gravate
1229 1322 1467 1400 quidem
1506 1328 1567 1379 et
1608 1321 1886 1398 ingratiis
1910 1321 2028 1379 tuis
2062 1327 2124 1380 te
2160 1319 2366 1379 cedere
2402 1320 2794 1381 manifestum

689 1391 818 1461 est·
862 1409 923 1460 at
949 1421 1135 1496 quum
1167 1403 1255 1458 ira
1293 1400 1669 1466 deferbuerit,
1696 1409 1765 1459 tu
1802 1407 1863 1457 te
1902 1401 2093 1476 ipsum
2132 1399 2341 1459 oderis.
2416 1398 2586 1457 Talia
2621 1401 2794 1460 enim

553 1482 705 1546 675·
688 1483 930 1559 ingenia
951 1483 1103 1540 sibi
1087 1483 1225 1557 ipsis
1250 1480 1463 1538 merito
1487 1487 1627 1537 sunt
1650 1498 1791 1539 sane
1816 1498 1993 1558 quam
2017 1480 2281 1538 molesta.

765 1559 955 1618 OED.
996 1561 1161 1624 Quin
1186 1560 1372 1636 igitur
1393 1576 1490 1617 me
1516 1559 1783 1622 dimittis,
1809 1576 1878 1617 ae
1901 1558 2057 1616 foras
2082 1558 2248 1617 abis?

765 1639 894 1699 CR.
932 1640 1142 1707 Abibo,
1166 1639 1384 1698 durum
1409 1646 1470 1695 te
1502 1646 1566 1695 et
1602 1635 1889 1740 injustum
1912 1648 2207 1715 expertus,
2234 1636 2392 1696 hisce
2418 1650 2557 1696 vero
2586 1632 2830 1710 jmtus‘

644 1718 940 1786 ,habitus.

706 1803 743 1812 ·
769 1796 903 1855 CH.
942 1795 1182 1864 Mulier,
1209 1794 1346 1874 quid
1373 1811 1557 1854 cessas
1581 1796 1741 1860 hune
1765 1796 1928 1854 intro
1951 1793 2282 1853 abducere?

426 1862 440 1890 ¹
549 1875 674 1932 680
766 1874 933 1935 Joc.
971 1876 1291 1953 Postquam
1309 1893 1643 1970 cognovero
1668 1875 1809 1953 quid
1833 1876 1991 1934 istud
2009 1876 2086 1932 sit
2103 1870 2311 1950 jurgii.

764 1954 896 2012 CH.
949 1955 1166 2013 Coorta
1211 1962 1302 2012 est
1366 1956 1593 2013 incerta
1647 1955 1899 2031 suspicio
1948 1955 2024 2015 de
2071 1953 2483 2015 sermonibus:
2548 1949 2800 2015 mordet
2877 2021 2891 2034 .

707 2040 909 2092 autem
928 2034 1194 2092 animum
1217 2035 1310 2092 vel
1331 2033 1493 2091 falsa
1486 2035 1851 2094 criminatio,

764 2113 930 2171 JOC.
968 2113 1191 2191 Jpeisne
1215 2113 1292 2171 ab
1315 2107 1684 2172 ambobus?

764 2191 900 2250 CH.
934 2192 1189 2251 Scilicet.

644 2313 649 2320 ,
763 2267 929 2329 JOC.
969 2269 1055 2328 Et
1079 2272 1209 2353 quis
1232 2277 1361 2330 erat
1383 2287 1611 2329 sermo.
1596 2272 1618 2314 ³

552 2350 669 2410 685
768 2349 901 2409 CH.
941 2350 1093 2409 Satis
1116 2345 1264 2408 mihi
1288 2351 1548 2427 quidem,
1574 2349 1734 2416 satis,
1759 2350 1825 2407 in
1850 2349 1959 2407 hac
1981 2349 2229 2407 civitatis
2250 2348 2602 2420 calamitate,
2627 2350 2798 2411 vide·

690 2435 810 2495 tur,
838 2429 942 2488 ubi
965 2428 1137 2493 desiit
1160 2425 1485 2496 contentiO,
1512 2429 1596 2487 ibi
1619 2428 1945 2487 subsistere

768 2507 960 2569 OED.
1006 2508 1221 2569 Viden’
1222 2527 1374 2602 ‘quo
1415 2509 1814 2630 progreghare.
1855 2509 2090 2569 tametsi
2124 2506 2213 2568 'vir
2253 2527 2323 2568 es
2351 2509 2562 2578 bonus,
2599 2486 2796 2588 qnam

533 2667 674 2725 ,690
690 2604 1019 2728 mall-{5¹¹3
1027 2587 1236 2732 ιῗξ,
1274 2587 1707 2745 ἰεὲιξῖῗίξῗιιωῗιὸιι
1730 2666 1912 2725 semel
1934 2624 2195 2735 tantum,
2209 2669 2360 2741 scito
2382 2685 2482 2727 me
2504 2667 2801 2745 insipien«

692 2751 817 2805 tem
842 2747 1147 2840 omnisque
1164 2745 1467 2822 expertem
1489 2745 1722 2806 consilii
1747 2747 1960 2805 merito
1983 2746 2295 2804 habitum
2277 2748 2374 2814 iri,
2400 2747 2452 2804 si
2473 2764 2571 2805 me
2596 2746 2705 2806 abs
2729 2756 2803 2806 te

550 2824 670 2882 69⁵
692 2841 1020 2903 segregem,
1042 2826 1142 2902 qui
1162 2843 1358 2885 caram
1376 2843 1570 2883 meam
1595 2825 1867 2902 patriam,
1882 2843 1920 2882 e
1934 2826 2279 2884 calamitatis
2302 2826 2572 2895 fiuctibus
2596 2842 2796 2886 emer·

572 2902 587 2927 ³
690 2921 834 3041 gere
868 2921 992 2963 non
1015 2904 1333 2971 valentem,
1354 2922 1631 2982 prospero
1668 2922 1846 2963 eursu
1869 2904 2163 2964 direxisti.
2205 2906 2293 3005 ita
2330 2923 2494 2965 nunc
2528 2922 2792 3015 quoque,

691 2990 955 3122 8¹33&
973 2983 1588 3125 Ilgxeffilegslffilgmuglff
1601 2982 1855 3145 33:1²3?
1851 3001 1921 3122 ⁰6
1944 3080 2066 3163 rex,
2093 3061 2263 3139 cujus
2300 3065 2390 3123 rei
2425 3063 2619 3143 gratie
2654 3072 2796 3123 tan·-

607 3194 617 3199 .
696 3147 822 3199 tam
845 3142 996 3201 iram
1021 3142 1370 3219 conceperis
2854 3172 2860 3185 ·

448 3236 451 3241 ·
552 3220 679 3285 700
773 3220 965 3281 OED
1000 3221 1250 3285 Dicam·
1295 3221 1406 3289 tibi
1441 3216 1603 3282 enim
1642 3240 1681 3281 a
1715 3239 1814 3282 me
1851 3218 2047 3296 major
2084 3236 2261 3300 quam
2287 3222 2364 3281 ab
2386 3221 2513 3282 istis
2537 3221 2798 3285 habetur

682 3302 1061 3360 reverentia.
1108 3299 1187 3359 ob
1212 3301 1551 3371 Creontem,
1576 3301 1813 3379 qualia
1796 3318 1862 3359 ιιι
1885 3320 1986 3360 me
2005 3301 2376 3361 machinatus
2398 3310 2506 3362 esjt.
2601 3336 2606 3341 -

773 3378 937 3439 JOC.
976 3380 1109 3445 Dic,
1140 3381 1191 3438 si
1212 3382 1403 3457 aperti
1426 3382 1689 3440 criminis
1714 3382 2014 3456 postulans
2038 3380 2203 3438 litem
2229 3381 2288 3438 ei
2312 3398 2528 3441 moves.

771 3456 963 3521 OED.
1003 3460 1338 3519 Occisorem
1365 3476 1461 3518 me
1486 3476 1611 3517 esse
1635 3456 1777 3519 dicit
1799 3458 1952 3519 Laii.

779 3540 820 3600 J
820 3539 944 3599 OC
983 3538 1080 3600 An
1113 3546 1182 3598 ut
1224 3541 1330 3617 qui
1372 3539 1435 3600 id
1475 3540 1600 3616 ipse
1638 3541 2009 3649 compererit,
2047 3555 2127 3598 an
2161 3546 2236 3598 ιιι
2278 3541 2381 3618 qui
2420 3506 2674 3600 aildierit
2715 3550 2795 3601 ex

693 3620 854 3684 alio?

554 3686 674 3756 ‘705
774 3697 967 3760 OED.
1005 3696 1202 3758 Immo
1224 3706 1419 3757 vatem
1457 3697 1770 3756 scelestum
1807 3697 2154 3763 immittens,
2181 3700 2399 3791 quippe
2432 3710 2612 3777 quem
2642 3642 2800 3759 sciat

484 3770 491 3781 ’
696 3796 1002 3858 nunquam
1023 3770 1177 3849 sibi
1161 3785 1488 3854 temperare
1513 3794 1631 3855 quo
1655 3777 1854 3864 minus
1880 3775 2204 3858 quidquid
2185 3794 2251 3837 ιιι
2272 3784 2537 3871 mentem
2560 3780 2795 3840 venerit

582 4004 591 4013 ³
694 3858 1073 3996 ἰωξὸίὲῗῄῗξ
1082 3856 1411 4003 teilffiztgzitssg
1428 3914 1594 3993 omni
1617 3933 1700 3999 de
1719 3934 1865 4003 istie,
1892 3940 2025 4013 quae
2050 3934 2243 3995 dioere
2268 3934 2594 4006 instituisti,
2620 3952 2790 4007 curn,

636 4078 643 4085 ,
693 4017 936 4077 monitis
960 4015 1126 4083 meis,
1143 4031 1361 4091 quaeso,
1386 4015 1654 4087 animum
1674 4013 1928 4079 adverte,
1952 4022 2028 4073 et
2021 4014 2188 4073 disee
2211 4014 2663 4075 mortalem-esse
2682 4030 2791 4074 ne·

516 4104 523 4107 ’
550 4098 677 4160 710
694 4096 939 4162 minem,
965 4095 1063 4173 qui
1097 4092 1395 4153 divinandi
1419 4092 1611 4151 artem
1632 4093 1730 4153 vel
1762 4094 2079 4152 minimum
2102 4095 2424 4170 attingat.
2452 4093 2630 4157 Quod
2655 4097 2796 4173 qui-¹.

605 4209 616 4219 ·
690 4174 832 4234 dem
854 4171 1137 4248 exemplis
1159 4170 1271 4228 tibi
1295 4167 1678 4239 confirmabo,
1703 4190 1947 4251 remque
1973 4174 2038 4231 in
2059 4188 2249 4250 pauca
2270 4173 2588 4233 confemm.
2635 4173 2793 4235 Lusio

690 4255 855 4313 enim
879 4250 1185 4310 oraculum
1223 4248 1448 4309 editum
1470 4251 1593 4309 fuit
1630 4252 1793 4320 oliui,
1821 4249 1982 4310 haud
2006 4251 2200 4317 dicam
2225 4252 2501 4329 Apolline
2538 4253 2618 4312 ab
2637 4254 2799 4330 ipso,

688 4326 1852 4406 sedabejusfamulisinihxfatisesse,
1873 4340 1947 4392 ut
1983 4350 2022 4395 a
2058 4322 2794 4414 alioquiexmeffioque
2851 4363 2870 4371 ·
