3017 4900
972 191 1645 300 PHILocTETES.
2219 227 2344 288 ειη

276 389 412 451 meis
448 391 730 474 configes,
771 393 1005 474 letoque
1029 395 1223 457 dabisz
1266 403 1395 457 tum
1432 393 1675 471 Trojam
1718 389 1987 462 vastabis,
2024 390 2346 471 spoliaque,

275 488 394 548 quae
417 472 542 540 tibi,
569 483 639 533 nt
661 474 975 534 fortissimo
1000 477 1303 542 exercituS,
1329 477 1544 534 eximia
1565 474 1885 541 dabuntur,
1910 482 2076 531 tuam
2099 471 2347 531 domum

272 550 457 608 mittes
474 552 708 611 Poeanti
732 554 903 631 patri,
929 553 1001 612 ad
1026 556 1231 631 patriae
1254 556 1414 613 OEtae
1437 549 1731 626 subjectos
1748 569 2001 630 campos.
2034 551 2183 613 Quae
2207 568 2346 610 vero
2384 549 2543 610 1480

271 634 333 684 tu
354 632 574 706 ceperis
596 633 780 708 spolia
796 633 909 691 hoc
932 634 1008 691 ab
1031 635 1307 697 exercitu,
1335 635 1678 709 sagittarum
1696 649 1961 689 mearum
1980 632 2347 692 monimenta

266 706 334 764 ad
357 727 554 768 meum
580 727 791 788 rogum
816 711 972 771 affer.
1012 710 1232 790 Teque,
1251 713 1491 771 Achillis
1507 704 1614 774 fili.
1632 712 1757 767 haec
1781 727 2028 768 moneo:
2059 725 2166 765 nec
2183 710 2343 768 enim

268 790 331 842 tu
354 788 477 846 sine
502 791 617 847 isto
642 789 793 847 vales
817 785 1056 863 Trojam
1083 803 1438 869 expugnare,
1475 807 1583 849 nec
1607 791 1718 847 iste
1741 790 1866 846 sine
1891 797 1967 846 te.
2047 787 2182 863 Ego
2207 805 2343 845 vero
2382 785 2536 841 1485

265 864 677 942 AEsculapium,
724 868 825 947 qui
867 876 927 926 te
963 870 1170 928 morbo
1207 870 1430 933 liberet,
1478 870 1713 929 mittam
1755 867 1849 925 ad·
1872 868 2080 926 Ilium:
2125 864 2341 926 iterum

265 945 415 1003 enim
440 946 584 1004 illud
609 949 752 1005 meis
776 948 1003 1025 sagittis
1025 950 1152 1025 capi
1177 949 1351 1007 fatale
1375 955 1482 1005 est0
1565 946 1698 1004 Hoc
1721 955 1918 1004 autem
1939 945 2338 1013 memineritis,
2381 943 2537 1002 1440

263 1039 434 1098 quum
459 1024 671 1097 urbem
690 1027 998 1090 vastabitis,
1028 1039 1095 1084 ut
1121 1028 1398 1104 pietatem
1423 1044 1566 1103 erga
1583 1024 1741 1083 Deos
1759 1024 1993 1096 colatis3
2024 1024 2169 1092 huic,
2179 1026 2340 1082 enim
2431 1033 2444 1043 ‘

262 1102 368 1160 alia
389 1101 592 1162 omnia
623 1106 943 1182 posteriora
986 1106 1145 1165 ducit
1184 1114 1350 1182 pater
1389 1106 1639 1182 Jupiter.
1716 1105 1946 1180 Quippe
1973 1106 2155 1179 pietas
2182 1102 2339 1160 haud

262 1195 372 1240 una
410 1199 549 1241 cum
581 1184 914 1244 hominibus
960 1185 1170 1245 oceidit
1183 1208 1201 1258 3
1244 1185 1366 1254 sed,
1407 1185 1512 1244 seu
1551 1185 1767 1256 vivant,
1801 1201 1905 1240 seu
1945 1183 2166 1241 mortui
2197 1182 2337 1253 sint,

262 1273 559 1336 nunquam
585 1263 755 1338 perit.
1394 1259 1428 1273 '

328 1339 548 1399 PI-llL.
587 1340 645 1398 Ο
669 1342 768 1421 qui
794 1360 993 1403 vocem
1018 1349 1277 1419 optatam
1305 1342 1451 1401 mihi
1466 1341 1694 1409 misisti,
1712 1341 2008 1419 longoque
2031 1350 2166 1420 post
2184 1349 2336 1404 tem·
2376 1349 2530 1408 1445

259 1433 392 1494 pore
415 1420 887 1496 conspiciendum
915 1429 973 1479 te
996 1421 1225 1489 dedisti,
1251 1424 1369 1479 tuis
1396 1422 1566 1479 dictis
1591 1419 1893 1498 obsequar.

329 1496 621 1556 NEOPT.
664 1498 825 1557 Huic
850 1518 1078 1578 quoque
1102 1518 1216 1577 ego
1241 1500 1481 1558 consilio
1505 1499 1806 1557 assentior.

331 1573 577 1633 HERC.
618 1576 716 1636 Ne
740 1578 944 1656 longas
968 1583 1113 1656 erg>
1137 1581 1351 1637 nectite
1389 1596 1582 1640 moras
1598 1603 1629 1649 3.
1660 1583 1836 1656 urget
1871 1576 2032 1636 enim
2057 1585 2335 1656 opportw
2375 1585 2531 1642 1450

261 1663 404 1712 num
428 1655 745 1734 navigandi
767 1664 1016 1734 tempus,
1041 1675 1399 1736 surgensque
1424 1677 1463 1716 a
1488 1658 1666 1735 puppi
1696 1663 1916 1716 ventus.

329 1731 548 1793 PHIL.
585 1736 715 1813 Age
732 1751 903 1814 =ergo
944 1737 1259 1813 procedens
1302 1748 1518 1795 terram
1555 1738 1706 1794 hanc
1729 1736 1916 1794 saluta
1995 1779 2008 1793 .
2087 1735 2253 1805 Vale,
2296 1738 2336 1798 ὁ

257 1815 491 1880 tectum,
513 1831 647 1872 mea
668 1815 947 1882 custodia,
975 1814 1374 1893 Nymphaeque
1399 1816 1632 1892 irriguis
1656 1814 1721 1871 in
1745 1816 1925 1890 pratis
1989 1822 2248 1893 egentes,
2273 1826 2336 1875 et
2378 1819 2527 1874 1455

255 1889 448 1968 fragor
476 1893 787 1951 vehemens
821 1893 1110 1954 illisorum
1147 1893 1451 1966 fimum,
1483 1895 1589 1955 ubi
1625 1911 1780 1968 saepe
1819 1910 2040 1960 meum,
2068 1896 2334 1970 pulsante

259 1977 415 2036 noto,
432 1978 609 2050 caput
623 1972 847 2030 maduit
865 1974 930 2031 in
948 1974 1104 2031 antri
1131 1990 1356 2031 recessu
1371 1997 1387 2044 3
1418 1987 1568 2049 saepe
1583 1979 1645 2029 et
1664 1972 1816 2065 vocis
1835 1989 2004 2064 mons
2021 1971 2333 2034 Hermaeus

256 2064 644 2195 §ffiffssffl
657 2059 1251 2209 fffssffg‘ffiissssz‘s}
1277 2053 1481 2214 5332:
1516 2050 2331 2206 ἒὲἷιῗυξὲἷέῗῗὲῗῑῃζῗῖἒὲὲ
2374 2055 2528 2162 ¹4⁶⁰

253 2200 392 2277 Jam,
418 2207 572 2285 quod
611 2208 696 2272 ita
732 2208 859 2268 fore
886 2227 1186 2286 nunquam
1220 2218 1394 2268 antea
1427 2210 1823 2284 speravimus..
1883 2206 2028 2268 Vale
2053 2208 2092 2265 ὃ
2117 2209 2330 2267 Lemni

197 2326 206 2336 .
258 2290 407 2343 terra
430 2286 577 2344 mari
600 2288 810 2355 cincta,
835 2306 1046 2368 meque
1070 2289 1323 2347 secundo
1344 2306 1524 2347 cursu
1547 2287 1776 2345 dimitte
1812 2286 2185 2362 incolumem,
2212 2306 2329 2365 quo
2372 2291 2522 2348 1465

258 2370 455 2437 potens
491 2364 684 2425 fatum
717 2368 861 2433 fert,
905 2367 1311 2445 sententiaque
1329 2395 1332 2398 >
1351 2368 1697 2434 amicorum,
1742 2374 1803 2422 et
1847 2365 2047 2424 omnia
2088 2367 2333 2427 domans

261 2441 415 2502 Deus
440 2445 541 2524 qui
565 2446 690 2504 haee
714 2446 1125 2522 comprobavit.
1678 2460 1686 2468 ¹

333 2522 458 2582 CH.
497 2525 787 2584 Abeamus
812 2543 956 2603 ergo
980 2545 1182 2585 omnes
1217 2526 1412 2596 simul,
1448 2522 1751 2606 Nymphas
1777 2526 2044 2593 marinas
2087 2528 2328 2611 precati,
2367 2524 2523 2596 1470

259 2605 325 2669 nt
346 2601 557 2665 reditus
579 2604 913 2666 servatrices
939 2605 1148 2676 adsint⁸
1742 2674 1745 2677 Α

351 4365 507 4417 voi..
534 4366 623 4422 ιι1
743 4350 748 4355 ’
1269 4344 1315 4414 2
1345 4359 1373 4409 1
