3017 4900
663 257 812 319 ,ιιι
1283 251 1300 270 ⁸
1439 231 2037 318 TRACHINIAEL

629 421 903 482 tabella
920 417 1231 480 indelebile
1255 422 1560 497 seriptum.
1638 421 1721 481 Et
1746 421 1875 482 haec
1890 427 2060 482 erant
2120 387 2552 487 raemonstrata,
2579 409 2789 498 sicque

681 503 862 560 etiam
880 501 1012 566 feci,
1033 503 1187 558 virus
1206 497 1272 558 ut
1299 502 1410 559 hoe
1436 501 1639 577 procul
1658 503 1732 560 ab
1751 504 1909 579 igne,
1936 502 2058 578 tepi
2100 501 2262 577 isque
2281 500 2416 559 solis
2433 498 2614 556 radiis
2632 513 2783 559 sem·

679 598 789 656 per
820 583 1194 645 inaccessum,
1232 579 1454 637 intimis
1491 595 1781 639 servarem
1821 583 1887 639 in
1926 579 2337 657 penetralibus,
2363 578 2552 635 donec
2579 591 2789 635 recem

526 662 653 721 ⁶90
677 659 1002 717 adunctum
1027 660 1224 736 aliquo
1243 659 1651 735 applicandum
1673 668 1839 719 esset.
1880 658 1964 717 Et
1984 661 2107 717 haec
2117 661 2237 717 rite
2258 657 2590 716 observavi.
2625 669 2784 714 nunc

683 746 901 804 autem,
930 755 1111 815 quum
1138 755 1274 794 usus
1301 739 1570 803 venisset,
1598 738 1757 796 intus
1781 739 1845 796 in
1870 739 2129 797 conclavi
2152 738 2303 795 clam
2327 736 2473 794 unxi
2492 734 2784 799 tunicam,

681 816 818 874 lana
841 826 1075 874 utensze
1100 832 1263 873 coesae
1288 816 1523 892 pecudis
1549 816 1777 885 vellere,
1816 818 2090 895 illamque
2114 815 2566 891 complicatam
2546 831 2620 871 ιιι
2642 811 2788 870 cista

532 897 649 956 695
683 896 919 953 condidi
941 896 1077 952 solis
1104 897 1383 953 intactam
1408 896 1601 961 radiis,
1630 895 1922 973 donoque,
1965 904 2036 956 ut
2069 893 2307 962 vidistis,
2333 895 2483 962 mihi
2509 891 2785 951 Herculi.

683 975 1002 1050 Postquam
1028 984 1223 1031 autem
1250 976 1409 1032 intro
1428 975 1592 1038 redii,
1614 975 1780 1034 video
1800 993 1926 1033 rem
1950 971 2272 1040 infandam,
2294 989 2590 1051 quamque
2608 969 2789 1029 nemo

571 1130 578 1134 .
682 1061 882 1111 mente
906 1054 1211 1128 concipere
1236 1054 1435 1130 possit.
1479 1053 1659 1141 Forte
1675 1055 1834 1112 enim
1854 1055 2109 1112 avulsam
2128 1072 2161 1110 e
2187 1052 2405 1140 pecude
2422 1052 2651 1116 lanam,
2673 1066 2790 1127 qua

682 1133 943 1206 tunicam
991 1150 1396 1207 perunxeram,
1438 1128 1798 1207 projeceram
1824 1133 2127 1191 medium
2111 1150 2175 1189 ιιι
2218 1131 2483 1208 tep'orem
2524 1129 2671 1187 solis
2694 1146 2785 1186 ra

528 1214 654 1279 700
683 1211 938 1277 diorum,
964 1228 1095 1288 quae
1121 1212 1364 1268 simulac
1389 1212 1699 1277 concaluit,
1727 1212 1940 1270 diffluit
1973 1219 2099 1269 tota
2135 1210 2327 1268 nescio
2353 1228 2469 1287 quo
2494 1208 2702 1274 modo,
2727 1214 2791 1265 et

679 1292 1047 1348 comminuta
1089 1288 1365 1346 dilabitur
1398 1291 1581 1362 humi,
1615 1292 1880 1366 proxime
1917 1290 1991 1348 ad
2022 1309 2153 1348 eam
2189 1290 2459 1352 formam,
2487 1306 2615 1364 qua
2636 1283 2788 1361 ligni

684 1370 918 1426 scobem
944 1368 1154 1435 videaS,
1183 1368 1339 1456 quod
1364 1386 1521 1426 serra
1539 1377 1785 1427 secatur.
1867 1370 2074 1447 Sicque
2084 1365 2276 1442 jacuit
2307 1368 2471 1425 humi
2495 1366 2782 1435 decidua}

428 1429 432 1433 ⁵
533 1451 652 1514 705
686 1456 747 1505 at
772 1467 805 1504 e
830 1448 975 1514 solu,
1002 1447 1106 1504 ubi
1130 1445 1392 1523 projecta
1412 1457 1561 1515 erat,
1587 1448 1864 1507 effervent
1900 1449 2138 1507 bullosae
2162 1466 2405 1524 spumae,
2431 1446 2595 1504 haud
2620 1459 2788 1502 secut

607 1544 612 1548 ·
683 1544 755 1584 ac
789 1527 846 1583 si
886 1533 1132 1598 maturae
1170 1544 1299 1584 uvae
1337 1528 1572 1603 pingius
1608 1529 1839 1605 liquor
1822 1545 1886 1586 m
1922 1535 2141 1586 terram
2174 1525 2526 1595 effundatur,
2559 1544 2597 1582 e
2623 1539 2786 1582 sacra

679 1605 919 1662 Baccho
972 1605 1104 1662 vite.
1188 1606 1565 1681 Quapropter
1598 1608 1793 1664 nescio
1826 1608 2039 1664 misera
2077 1606 2215 1684 quid
2248 1606 2446 1680 potius
2486 1604 2781 1681 cogitem.

686 1702 865 1742 cerno
879 1686 1038 1741 enim
1064 1702 1158 1740 me
1182 1686 1440 1742 facinus'
1426 1703 1681 1742 immane
1709 1693 2084 1760 perpetrasse.
2153 1684 2329 1743 Unde
2353 1684 2532 1749 enim,
2564 1698 2783 1760 quaeso,

526 1765 658 1829 -710
690 1782 872 1841 quave
896 1765 1090 1840 gratia
1111 1760 1365 1819 moriens
1389 1764 1487 1820 ille
1514 1764 1749 1821 semifer
1786 1765 1934 1821 mihi
1967 1771 2265 1840 praestaret
2289 1762 2781 1828 benevolentiam,

690 1860 819 1931 quae
845 1843 1029 1899 nescis
1054 1842 1138 1897 illi
1166 1859 1337 1899 causa
1363 1854 1560 1900 eram.
1547 1845 1566 1884 ²
1612 1843 1752 1900 Non
1793 1846 1876 1901 ita
1910 1855 2031 1900 est.
2077 1842 2179 1901 sed
2203 1861 2342 1914 eum
2368 1861 2403 1899 a
2422 1858 2540 1920 quo
2565 1841 2784 1934 sagitta

688 1917 967 1994 trajectus
991 1921 1185 1978 fuerat
1210 1921 1452 1995 perdere
1476 1924 1737 2000 cupiens,
1772 1941 1868 1980 me
1903 1922 2210 1979 delenivit·
2194 1962 2212 1992 ,
2251 1921 2408 2010 quod
2433 1937 2548 1998 ego
2575 1921 2778 1981 serius.

689 2018 872 2094 quum
898 2001 1050 2057 nihil
1072 2000 1319 2075 amplius
1349 2000 1600 2075 prodest,
1628 2003 1891 2060 animum
1917 2001 2172 2059 adverto,
2214 1997 2353 2058 Sola
2376 2001 2535 2057 enim
2560 2001 2782 2074 ipsum,

528 2081 655 2144 715
689 2080 801 2137 nisi
820 2098 916 2138 me
935 2079 1085 2136 fauit
1104 2082 1412 2147 sententia,
1429 2098 1543 2157 ego
1559 2082 1758 2138 infelix
1776 2082 2005 2156 penitus
2023 2080 2324 2156 perditura
2338 2097 2488 2137 sum.
2542 2078 2783 2152 Quippe

688 2160 844 2224 novi,
872 2166 938 2216 ιιι
967 2159 1119 2216 illius
1144 2177 1281 2217 arcu
1306 2161 1516 2217 emissa
1538 2163 1753 2235 sagitta
1778 2160 2099 2224 Chironem
2115 2159 2253 2218 licet
2272 2156 2709 2216 immortalem
2693 2172 2781 2212 m

581 2253 584 2258 ·
685 2233 992 2315 tolemndo
1017 2237 1274 2295 affecerit
1297 2238 1518 2303 dolore,
1540 2248 1724 2315 utque
1755 2246 1997 2315 pereant
2030 2238 2352 2298 animantia
2375 2237 2596 2303 omnia,
2624 2251 2783 2313 quae-

688 2335 918 2395 cunque
937 2317 1058 2374 illae
1081 2319 1404 2393 attingunt.
1483 2317 1608 2379 Qui
1630 2335 1777 2394 ergo
1799 2319 1913 2374 atri
1940 2318 2060 2374 tabi
2085 2318 2260 2383 virus,
2282 2315 2440 2393 quod
2466 2334 2500 2373 e
2524 2316 2640 2374 feri
2659 2312 2781 2372 vul«

531 2390 658 2460 ⁸120
683 2414 829 2455 nere
856 2397 1043 2462 fiuxit,
1070 2397 1230 2454 hunc
1254 2397 1430 2453 etiam
1458 2414 1581 2454 non
1605 2397 1941 2457 interimet?
1985 2396 2068 2456 sic
2091 2395 2355 2473 profecto
2379 2394 2650 2454 futurum
2672 2401 2778 2460 est,

615 2525 620 2529 .
685 2477 737 2534 si
762 2476 901 2553 quid
926 2484 1083 2532 recte
1108 2476 1292 2547 rideo,
1336 2476 1543 2551 Itaque
1561 2475 1745 2533 fixum
1770 2477 1968 2535 animo
1992 2476 2169 2540 sedet,
2198 2475 2297 2533 ille
2334 2477 2386 2535 si
2424 2476 2685 2552 perierit,
2710 2479 2779 2531 ut

661 2555 835 2631 ⁴ffnihil
859 2562 1087 2612 morata
1108 2555 1460 2612 commoriar
1493 2555 1686 2613 simul.
1773 2556 1981 2612 Vivere
2017 2556 2179 2613 enim
2211 2572 2347 2614 cum
2380 2553 2625 2620 infamia
2658 2569 2779 2611 non

686 2633 998 2693 ferendum
1019 2642 1106 2689 est
1132 2633 1385 2698 mulieri,
1413 2652 1541 2710 quae
1567 2634 1722 2692 bona
1745 2634 1943 2691 indole
1968 2641 2108 2691 nata
2131 2635 2254 2691 vult
2277 2633 2477 2692 videri.

531 2706 654 2775 725
767 2711 897 2770 CH
938 2711 1189 2768 Necesse
1214 2712 1448 2788 quidem
1473 2720 1562 2770 est
1586 2715 1806 2771 atrocia
1828 2713 1983 2833 facta
2005 2711 2358 2784 formidare3
2386 2712 2489 2771 sed
2513 2723 2656 2771 ante
2676 2727 2779 2769 ex-

687 2792 841 2850 itum
865 2808 995 2865 spes
1020 2787 1346 2862 abjicienda
1370 2808 1491 2848 non
1514 2797 1618 2849 est.

767 2869 930 2927 DEI.
969 2868 1111 2926 Non
1137 2871 1288 2927 inest
1312 2871 1522 2929 malis
1506 2888 1569 2929 ιιι
1593 2872 1847 2930 consiliis
1885 2889 2016 2949 spes
2054 2870 2146 2929 vel
2178 2871 2445 2937 minima,
2471 2889 2600 2949 quse
2628 2869 2776 2929 fidu·
2806 2915 2814 2921 ,

687 2951 838 3011 ciam
862 2949 1116 3026 aliquam
1143 2957 1426 3025 praestet.
1592 2964 1595 2973 ¹

536 3027 660 3103 7³0
767 3028 897 3086 CH
945 3028 1099 3086 Sed
1083 3047 1148 3085 m
1184 3048 1302 3095 eos,
1330 3031 1431 3106 qui
1463 3049 1587 3088 non
1611 3034 1820 3106 sponte
1860 3034 2194 3106 peccarunt,
2223 3028 2313 3095 ira
2347 3028 2646 3088 remissior
2664 3031 2775 3091 esto

686 3109 922 3184 qualem
951 3115 1021 3164 tu
1048 3109 1298 3183 experiri
1322 3109 1503 3186 digna
1528 3127 1606 3167 es.

687 3230 696 3237 .
764 3185 934 3244 DEI.
976 3187 1069 3242 lta
1099 3187 1260 3264 loqui
1299 3189 1465 3254 solet,
1512 3205 1636 3245 non
1680 3188 1782 3265 qui
1826 3186 1969 3246 mali
2011 3187 2300 3264 particeps
2334 3193 2443 3255 aet,
2469 3185 2571 3245 sed
2600 3200 2773 3266 quem
2816 3182 2817 3187 ’

689 3266 853 3325 nulla
878 3263 1089 3342 premit
1113 3266 1343 3324 sceleris
1368 3267 1742 3324 conscientia.

527 3364 562 3401 ι
591 3388 599 3396 ι
629 3382 646 3399 .
771 3344 901 3403 CH.
945 3346 1136 3402 Satius
1170 3345 1279 3403 tibi
1300 3344 1494 3403 fuerit
1533 3347 1691 3402 hunc
1730 3362 2060 3403 sermonem
2094 3343 2464 3420 abrumpere,
2491 3343 2604 3411 nisi
2640 3338 2774 3423 quid

533 3424 657 3486 735
685 3427 801 3487 ,hac
824 3426 897 3482 de
923 3442 988 3481 re
1014 3425 1136 3483 filio
1159 3431 1265 3482 tuo
1289 3424 1478 3483 dicere
1499 3424 1676 3487 velis·
1718 3440 1922 3483 eccum
1947 3423 2108 3518 enim
2131 3422 2315 3492 adest,
2341 3423 2649 3502 quaesitum
2675 3439 2773 3498 pa-

692 3514 842 3563 trem
873 3504 973 3581 qui
1000 3521 1188 3578 nuper
1210 3503 1370 3563 abiit.

769 3583 1020 3642 HYLL.
1062 3579 1117 3640 Ο
1143 3593 1348 3648 mater,
1376 3590 1449 3641 ut
1469 3600 1547 3641 ex
1569 3583 1756 3641 tribus
1793 3580 1884 3640 his
1916 3599 2106 3641 unum
2138 3581 2287 3640 mihi
2323 3582 2638 3658 contigisse
2661 3578 2773 3637 rel·

535 3669 578 3719 h·
639 3663 829 3727 lem,
852 3663 941 3719 vel
957 3671 1079 3719 ζιειι
1120 3681 1162 3720 ιι
1184 3663 1470 3738 amplius
1452 3680 1518 3719 m
1537 3664 1674 3719 vivis
1693 3680 1835 3728 esse,
1856 3661 1948 3718 vel
1964 3661 2339 3737 superstitem
2359 3660 2508 3719 alius
2528 3668 2769 3720 matrem

689 3742 901 3802 vocari,
932 3742 1019 3803 vel
1040 3679 1290 3860 {dimi
1326 3749 1528 3800 mente
1554 3760 1716 3809 eam,
1744 3758 1873 3818 quae
1899 3756 2058 3798 nunc
2083 3740 2247 3798 adest
2272 3741 2399 3807 tibi,
2425 3734 2771 3801 cuicuimodi

687 3829 1110 3881 commutasse

484 3951 490 3956 .
537 3899 661 3963 740
766 3899 929 3957 DEI.
973 3900 1133 3962 Quid
1155 3901 1440 3966 commisi,
1468 3899 1505 3956 ὀ
1532 3907 1689 3962 nate,
1715 3897 1886 3956 tanto
1904 3898 2157 3976 dignum
2178 3898 2351 3958 odio.
2338 3900 2358 3941 ²

531 3988 559 4033 t
595 3978 624 4029 ζ’
771 3977 1021 4038 HYLL.
1059 3975 1392 4056 Conjugem
1419 3987 1609 4042 tuum,
1631 3980 1824 4055 ipsum
1861 3978 2049 4036 adeo·
2032 3995 2272 4057 mquam
2298 3988 2528 4079 patrem
2541 3988 2769 4039 meum»

689 4058 838 4121 scito
864 4066 922 4115 te
947 4059 1056 4115 hac
1079 4057 1175 4115 die
1199 4054 1526 4132 peremisse.
1654 4080 1658 4085 ’

767 4136 931 4195 DEI.
977 4136 1097 4195 Hei
1120 4135 1297 4194 mihi!
1343 4145 1500 4201 nate,
1526 4132 1834 4208 cujusnam
1857 4136 1946 4192 rei
1969 4135 2138 4194 affers
2162 4137 2481 4195 nuntium?

527 4214 698 4291 745
755 4216 1019 4299 HYLL.
1057 4217 1205 4278 Quae
1233 4216 1360 4273 fieri
1381 4216 1590 4292 'nequit
1613 4220 1680 4273 ιιι
1704 4231 1829 4272 non
1850 4216 2128 4277 evenerit.
2174 4215 2354 4285 Quod
2370 4216 2532 4295 enim
2555 4214 2792 4329 factQ·

529 4294 626 4365 ἑ
633 4290 797 4365 ,ὡς
824 4290 1089 4383 quisnam
1103 4302 1294 4377 quaet
1313 4295 1602 4386 infecmm
1626 4293 1927 4375 reddere?
