3017 4900
729 243 849 317 162
1422 201 1427 206 ’
1507 231 2029 310 Ammon.

804 419 984 480 ANT.
1027 409 1144 476 Hei
1191 413 1370 474 mihi!
1428 415 1715 473 derideor.
1793 412 1954 478 Quid
1999 429 2115 479 me,
2161 411 2270 489 per
2307 411 2593 472 tutem-es
2623 409 2815 489 De&

583 509 705 563 840
733 500 992 565 nondum
1021 503 1331 559 mortuam,
1358 494 1458 552 sed
1481 495 1610 552 luce
1631 495 1926 552 fruentem
1964 492 2172 558 adhuc,
2211 492 2562 549 contumelia
2587 492 2809 550 afficis!

528 633 539 640 ,
584 588 701 642 845
733 579 790 635 O
817 579 972 643 urbe,
999 576 1037 633 ὁ
1060 574 1220 633 urbis
1240 573 1502 647 opulenti
1527 574 1710 631 civesz
1752 572 1812 629 io
1837 571 2051 628 Dircaei
2088 571 2297 637 fontes,
2322 570 2654 648 Thebaeque
2675 587 2815 628 cur-

733 675 909 715 ruum
933 654 1249 732 agitatricis
1276 669 1516 721 nemus;
1548 660 1745 709 tamen
1774 668 1870 706 vos
1895 650 2069 706 simul
2088 654 2259 706 testes
2275 648 2511 714 advoco,
2533 650 2815 727 quemad*

580 751 589 764 ⁸
678 769 685 776 ·
732 734 973 793 modum
1000 733 1074 790 ab
1098 732 1295 789 amicis
1320 731 1608 794 indefleta,
1631 730 1785 806 quali
1804 729 1933 803 lege
1952 729 2026 785 ad
2044 721 2332 788 carcerem
2352 727 2644 785 defossum
2663 729 2818 786 vado

586 821 706 876 850
736 813 980 871 inauditi
1004 810 1269 884 sepulcri.
1351 809 1490 866 Heu
1518 805 1824 872 miseram-2
1865 808 1960 863 cui
2002 817 2108 863 nec
2146 823 2286 864 cum
2326 805 2675 869 hominibus,
2704 823 2825 866 nec

733 910 869 950 cum
913 889 1206 953 Manibus,
1232 887 1352 945 ulla
1386 889 1679 945 consortio
1714 896 1833 954 est,
1879 902 2008 963 quae
2034 902 2141 942 nec
2165 885 2320 942 inter
2345 885 2497 941 vivos
2523 903 2634 943 nec
2658 879 2828 945 inte‘t·

734 979 996 1030 mortuos
1020 967 1316 1025 censebor.
2794 979 2804 985 ·

810 1048 942 1106 CH.
983 1045 1298 1122 Progressa·
1315 1043 1388 1100 ad
1412 1049 1743 1104 extremum
1761 1040 2015 1100 audaciae
2041 1043 2103 1099 in
2127 1041 2312 1098 altum
2325 1040 2577 1098 Justitiae
2601 1043 2826 1103 solium

585 1135 703 1190 855
736 1128 1029 1204 impegisti
1054 1125 1307 1200 graviter
1320 1146 1342 1198 ,3
1385 1122 1662 1180 nimirum
1690 1131 1989 1196 paternam
2014 1136 2229 1177 noxam
2253 1120 2509 1196 aliquam
2532 1120 2662 1178 luis.

813 1204 995 1264 ANT.
1034 1202 1484 1261 Acci-bissimum
1524 1199 1669 1256 mihi
1705 1199 1967 1274 dolorem
2011 1198 2265 1264 refricas,
2301 1199 2474 1256 nimis
2509 1207 2828 1259 extentum

494 1271 511 1278 ’
587 1292 708 1346 860
737 1286 960 1342 luctum
987 1282 1061 1340 ob
1087 1282 1264 1357 patris
1286 1293 1596 1344 aerumnas,
1623 1279 2063 1353 universamque
2092 1285 2350 1334 nostram
2373 1275 2823 1338 decantatorum

737 1361 1196 1421 Labdacidarum
1219 1357 1460 1415 cladem.
1506 1358 1564 1412 O
1592 1363 1856 1412 materna
1882 1356 2221 1430 nuptiarum
2247 1373 2417 1420 noxa,
2445 1357 2654 1414 incesti
2674 1371 2823 1416 eonv-

587 1449 705 1503 865
736 1442 963 1500 cubitus
989 1439 1164 1513 patris
1191 1436 1305 1494 mei
1332 1451 1463 1492 cum
1489 1436 1825 1493 calamitosa
1849 1444 2053 1498 matre,
2083 1434 2294 1510 quibus
2322 1450 2434 1510 ego
2458 1434 2698 1493 tandem
2713 1438 2823 1495 ‘in-

736 1520 877 1578 felix
900 1519 1056 1575 edita
1092 1517 1178 1573 fui
1195 1540 1210 1585 3
1254 1513 1328 1571 ad
1371 1530 1513 1589 quos
1537 1513 1678 1570 diris
1701 1513 1925 1579 devota,
1949 1513 2197 1587 innupta
2219 1513 2562 1588 commigm.
2642 1513 2700 1570 O
2731 1517 2823 1575 in·-

586 1605 709 1667 870
736 1599 910 1656 fausti
930 1598 1111 1662 frater
1136 1588 1631 1671 potiteconjugii,
1656 1600 1920 1650 mortuus
1945 1592 2069 1668 ipse
2102 1592 2287 1649 vivam
2312 1608 2408 1648 me
2432 1592 2622 1650 adhuc
2664 1597 2823 1655 occi-

736 1677 895 1735 disti.
2636 1686 2670 1737 :
2791 1697 2798 1704 ·

811 1754 942 1814 CH.
982 1754 1174 1812 Pietas
1199 1759 1285 1809 est
1308 1750 1564 1828 quidem,
1590 1748 1781 1806 colere
1806 1755 2101 1807 mortuos:
2143 1749 2246 1807 sed
2271 1766 2634 1828 nequaquam
2646 1747 2824 1823 jussa

585 1834 703 1902 875
733 1832 1058 1909 transgredi
1090 1832 1228 1890 licet
1258 1848 1489 1894 eorum,
1519 1846 1693 1904 penes
1718 1845 1862 1906 quos
1887 1837 1977 1885 est
2000 1828 2331 1906 imperium.
2408 1828 2496 1886 Te
2520 1848 2658 1889 vero
2679 1849 2825 1907 per-

732 1912 880 1971 didit
904 1912 1169 1987 pervicax
1195 1909 1517 1985 ingenium.

809 1990 996 2049 ANT.
1037 1988 1334 2054 Indefleta,
1361 1988 1562 2045 amicis
1594 1985 1755 2052 orba,
1782 1986 2052 2063 innupta,
2091 1986 2426 2061 expeditum
2464 1987 2578 2045 hoe
2614 1987 2827 2067 ingre-

731 2070 864 2131 dior
889 2070 1016 2127 iter.
1097 2067 1276 2125 Haud
1301 2066 1550 2142 amplius
1574 2065 1719 2123 mihi
1743 2081 1973 2123 sacrum
1996 2065 2109 2122 hoc
2131 2061 2400 2124 Phoebeae
2421 2065 2704 2142 lampadis
2714 2064 2823 2142 ju·-

588 2152 708 2209 880
732 2149 839 2224 bar
862 2149 947 2206 fas
971 2149 1188 2207 intueri
1226 2145 1448 2203 miserae
1463 2170 1480 2208 ς
1524 2161 1633 2201 nec
1661 2144 1983 2202 amicorum
2026 2143 2327 2222 quisquam
2362 2153 2472 2211 est,
2496 2145 2602 2224 qui
2622 2164 2824 2209 meam

734 2228 893 2287 adeo
907 2226 1335 2301 lacrymabilem
1357 2224 1545 2281 vicem
1568 2222 1787 2298 lugeat.

600 2369 613 2376 ,
813 2306 939 2365 CR.
980 2305 1247 2368 Scitisne,
1276 2302 1536 2379 querelas
1569 2310 1630 2357 et
1655 2301 1846 2357 luctus
1878 2300 1929 2358 si
1954 2300 2223 2359 morituri
2244 2301 2517 2376 prodesse
2537 2304 2822 2374 sentiant,

588 2390 704 2446 885
735 2386 1034 2443 neminem
1057 2383 1204 2449 fore,
1231 2381 1331 2458 qui
1355 2381 1424 2437 iis
1446 2379 1714 2437 desinat?
1758 2377 1920 2439 Quin
1941 2378 2221 2440 abducitis
2240 2380 2390 2446 hanc
2415 2399 2590 2460 quam
2613 2384 2828 2444 cit‘aesi·

736 2466 871 2524 me?
899 2472 962 2521 et
987 2471 1292 2539 postquam
1319 2477 1471 2524 eam,
1494 2466 1567 2516 ut
1586 2453 1754 2530 jussi,
1771 2458 2117 2516 incluseritis
2133 2460 2317 2518 solam
2334 2460 2739 2541 desertamque
2758 2465 2842 2523 in.

733 2543 972 2601 obtecto
989 2540 1278 2615 sepulcro,
1303 2537 1536 2595 abibitis
1556 2536 1573 2593 'a
1600 2537 1720 2593 sive
1743 2536 1826 2597 ibi
1849 2538 2137 2599 moritura
2157 2539 2254 2604 sit,
2270 2539 2390 2597 sive
2404 2540 2517 2597 sub
2534 2541 2647 2600 hoc
2662 2548 2832 2601 tecto

735 2621 965 2696 sepulta
986 2617 1394 2677 aevum'ducat.
1471 2613 1600 2673 Nos
1626 2615 1786 2673 enim
1825 2615 2018 2673 omnis
2046 2616 2338 2691 immunes
2359 2634 2564 2678 sumus
2584 2620 2826 2695 piaculi,

512 2752 519 2759 .
589 2706 710 2767 890
735 2700 948 2777 puellae
974 2692 1150 2768 hujus
1171 2712 1375 2752 causa:
1418 2694 1521 2751 sed
1546 2692 1777 2752 nullum
1802 2695 1859 2751 ei
1882 2711 2015 2753 cum
2041 2696 2263 2771 superis
2285 2697 2399 2754 erit
2420 2700 2810 2761 consortium.

810 2772 1001 2835 ‘ANT.
1044 2775 1100 2833 Ο
1124 2774 1475 2850 sepulcrum,
1501 2773 1541 2832 ὁ
1575 2773 1822 2849 genialis
1845 2773 2158 2841 thalamus,
2181 2776 2224 2832 ὀ
2253 2774 2479 2845 defossa
2516 2776 2825 2845 habitatio,
2885 2810 2908 2818 ψ

736 2861 958 2913 aeterna
980 2856 1260 2919 custodia,
1288 2868 1404 2930 quo
1427 2851 1610 2911 tendo
1633 2850 1711 2909 ad
1745 2869 1922 2916 meos,
1953 2869 2201 2930 quorum
2234 2853 2545 2912 miserabili
2568 2854 2691 2913 leto
2718 2858 2832 2914 ab«

737 2945 1107 3010 sumptorum
1126 2932 1448 3007 maximum
1474 2947 1786 2988 numerum
1811 2929 1968 2988 inter
1984 2940 2244 2992 mortuos
2261 2933 2417 3007 cepit
2436 2933 2823 3011 Proserpina,

589 3017 727 3081 4⁸95·
739 3030 992 3088 quorum
1017 3027 1131 3088 ego
1148 3010 1475 3075 novissima,
1491 3007 1799 3086 multoque
1818 3026 1956 3066 sane
1974 3010 2223 3085 pessimo
2240 3011 2424 3069 exitio
2437 3012 2663 3070 intereo
2679 3024 2828 3072 ante

735 3090 976 3150 fatalem
999 3089 1174 3148 diem.
1241 3088 1354 3146 Sed
1379 3088 1524 3145 illuc
1546 3086 1827 3164 profecta,
1845 3087 1996 3147 hanc
2022 3088 2273 3147 maxime
2294 3082 2455 3166 spem
2476 3090 2665 3156 foveo,
2683 3108 2829 3169 gra-

738 3178 862 3228 tam
887 3187 984 3227 me
1008 3174 1312 3226 venturam
1337 3167 1508 3243 patri,
1536 3173 1881 3243 gratamque
1908 3164 2034 3232 tibi,
2060 3173 2265 3234 mater,
2290 3177 2352 3226 et
2375 3168 2483 3226 tibi
2503 3177 2758 3246 gratam,
2787 3172 2832 3229 ὁ

562 3252 713 3308 ·900
737 3264 1086 3324 germanum
1110 3252 1317 3321 eaput3
1348 3243 1820 3322 quandoquidem
1844 3255 2106 3303 mortuos
2131 3262 2229 3303 vos
2254 3263 2370 3323 ego
2386 3247 2657 3306 manibus
2671 3252 2825 3309 meis

738 3329 851 3385 lavi
873 3334 936 3385 et
958 3324 1176 3387 ornavi,
1203 3322 1553 3400 inferiasque
1576 3322 1651 3381 ad
1674 3321 2005 3398 sepulcrum
2029 3323 2174 3380 tuli:
2217 3342 2373 3382 nunc
2405 3334 2624 3394 autem,
2652 3326 2827 3404 Poly-

738 3407 915 3470 nices,
942 3404 1078 3480 quia
1117 3402 1359 3459 cadaver
1393 3410 1566 3460 tuum
1607 3400 1793 3459 humo
1835 3402 2087 3467 contexi,
2128 3403 2278 3460 hanc
2312 3404 2440 3461 fero
2470 3404 2828 3466 mercedem.

738 3484 921 3561 Atqui
934 3484 1091 3540 hunc
1104 3482 1392 3539 honorem
1411 3480 1520 3539 tibi
1538 3481 1633 3555 pie
1651 3489 1921 3556 reeteque
1935 3498 1972 3547 a
1989 3498 2086 3538 me
2104 3482 2394 3540 tributum
2408 3482 2584 3542 fuisse
2591 3480 2826 3563 sapiens

592 3567 715 3633 905
741 3559 925 3640 quivis
942 3557 1189 3637 judicet.
1272 3557 1450 3616 Haud
1487 3559 1648 3615 enim
1671 3574 1952 3634 unquam,
1979 3559 2028 3615 si
2052 3561 2401 3636 peperissem
2429 3561 2662 3629 liberos,
2688 3581 2825 3629 nec,

693 3662 716 3714 Ι·
740 3641 792 3697 si
815 3640 963 3699 mihi
977 3634 1108 3711 conj
1116 3657 1194 3696 ux
1212 3639 1475 3697 mortuus
1485 3633 1764 3708 jacuisset
1779 3637 2119 3712 insepultus,
2135 3646 2342 3697 eontra
2355 3641 2601 3699 civitatis
2619 3639 2840 3718 legem-

739 3717 901 3775 hunc
922 3718 1293 3792 suscepissem
1316 3715 1594 3774 laborem.
1636 3714 1721 3773 Ac
1739 3713 1891 3772 forte
1917 3733 2138 3791 quaeras
2163 3734 2413 3794 quanam
2438 3719 2668 3797 exlege
2695 3722 2823 3778 haec

592 3802 717 3877 210
740 3794 948 3855 dicam.
1025 3794 1258 3870 Nempe
1292 3800 1528 3852 mortuo
1571 3793 1804 3857 marito,
1829 3793 1976 3850 alius
2012 3801 2164 3852 esset
2202 3796 2302 3867 cui
2344 3796 2662 3871 nuberem5
2704 3799 2824 3857 fili-

719 3890 959 3952 umque
982 3874 1038 3931 si
1056 3873 1390 3935 amisissem,
1417 3872 1598 3930 alium
1624 3890 1697 3929 ex
1719 3870 1837 3929 alio
1862 3871 1990 3928 viro
2002 3874 2286 3949 suscipere
2305 3882 2602 3950 poteram3
2631 3883 2697 3934 at
2720 3892 2826 3953 pa·

712 3960 832 4010 -tre
859 3961 922 4009 et
946 3962 1132 4011 matre
1158 3953 1222 4008 in
1245 3949 1403 4009 Orco
1422 3950 1691 4015 conditis,
1715 3966 1837 4006 non
1873 3957 1964 4007 est
1993 3959 2066 4008 ut
2090 3952 2235 4010 mihi
2268 3951 2451 4012 frater
2487 3955 2668 4033 possit
2706 3972 2826 4015 uu-

740 4049 916 4108 quam
940 4030 1172 4088 exoriri.
1211 4030 1295 4086 At
1317 4038 1515 4086 tamen
1549 4045 1730 4107 quum
1751 4046 1825 4087 ex
1844 4028 1952 4086 hac
1974 4029 2127 4105 lege,
2144 4031 2349 4089 ceteris
2368 4028 2643 4091 omnibus
2657 4041 2821 4110 post..

557 4106 565 4113 ’
636 4148 643 4155 -
739 4109 974 4174 habitis,
1000 4108 1223 4189 honqre
1266 4116 1327 4164 te
1367 4106 1677 4170 effecerim,
1704 4105 1746 4163 ὀ
1783 4109 2133 4183 germanum
2176 4117 2372 4184 caput,
2398 4109 2642 4169 Creonti
2680 4129 2820 4189 pec-2

590 4192 895 4271 manasse
921 4189 1041 4251 visa
1063 4204 1216 4253 sum,
1238 4183 1581 4262 »facinusque
1604 4186 2031 4247 atrocissimum
2054 4186 2365 4249 admisisse.
2470 4188 2552 4246 Et
2578 4206 2737 4248 nunc
2757 4191 2818 4249 vi

738 4272 1069 4350 correptam
1092 4268 1177 4324 ita
1198 4282 1296 4332 me
1318 4262 1573 4334 abducit,
1598 4264 1713 4324 tori
1729 4259 1969 4351 jugalis,
1997 4264 2282 4348 hymenei
2304 4267 2585 4330 festorum
2610 4270 2821 4332 mmi-

824 4386 831 4391 ·
1483 4370 1493 4375 '
1725 4380 1746 4401 Α
2396 4390 2405 4401 .
2539 4390 2572 4403 Η
2661 4368 2676 4401 ν’

1211 4546 1253 4573 Χ
