3017 4900
681 219 769 358 ss
1131 217 1136 226 ’
1404 223 1800 339 OE'mpus
1848 268 2078 352 REX,

767 447 894 506 CR.
935 445 1019 505 Et
1044 442 1213 507 nunc
1231 446 1509 536 quidem
1490 463 1556 506 ιιι
1581 446 1786 506 eadem
1811 464 1944 507 sum
1968 446 2277 505 sententia.

766 528 958 585 OED.
1001 523 1353 603 Quantum'
1329 544 1456 604 jam
1481 527 1784 606 temporis,
1813 539 2031 604 quasso,
2057 544 2130 583 ex
2158 543 2278 603 quo
2303 524 2576 584 Laius——

769 606 895 665 CR.
937 605 1095 669 Quid
1121 623 1261 667 eum
1286 597 1487 663 fecisse
1515 605 1714 668 dices?
1758 546 1914 664 haud
1939 607 2100 663 enim
2125 605 2192 662 in
2222 614 2485 673 mentem
2523 597 2691 696 mihi‘
2699 609 2800 663 νοῦ·

682 686 803 753 nit,
837 693 956 762 quo
976 685 1178 743 tendat
1203 701 1395 742 sermo
1421 696 1575 743 tuus.
1678 724 1687 731 -

557 763 676 820 ⁵60
771 764 959 824 OED.
999 764 1057 821 E
1081 764 1279 824 medio
1305 763 1569 821 sublatus
1594 769 1684 821 est
1706 761 1926 821 exitiali
1950 779 2170 821 manu.
2156 764 2176 804 ³

774 842 899 902 CR.
939 843 1151 920 Longa
1176 853 1236 902 et
1260 844 1505 920 antiqua
1531 843 1830 902 numerari
1852 848 2089 920 possent
2114 850 2430 917 tempora.-

773 922 961 980 ΟΕΒ.
1001 922 1170 979 Tunc
1196 923 1478 1015 temporis
1504 929 1740 980 vataene
1766 920 1864 978 ille
1890 913 2041 977 hanc
2068 920 2455 997 profitebatur
2478 920 2715 986 artem.

772 995 898 1060 CR.
1061 1019 1137 1059 ue
1161 1001 1408 1076 sapiens,
1438 1008 1501 1060 et
1531 1000 1754 1057 honore
1784 998 2015 1057 habitus
2040 1001 2183 1075 pari.
2471 1023 2479 1034 =

774 1076 964 1137 'OED.
1067 1080 1316 1157 nmquid
1340 1079 1458 1136 mei
1483 1080 1759 1158 meminit
1779 1086 1924 1136 tunc
1949 1078 2279 1153 temporis?

520 1188 529 1199 ·
561 1151 677 1212 565
775 1160 900 1217 CR.
941 1158 1226 1218 Minime.
1270 1149 1497 1216 saltem
1503 1175 1809 1251 nunquam
1835 1175 1932 1215 me
1959 1165 2264 1232 praesente.
2439 1197 2443 1200 -

728 1247 731 1254 “
775 1238 989 1295 ΟΕΙ)..
1008 1238 1085 1294 At
1113 1236 1342 1295 nullam
1367 1236 1811 1314 inquisitionem
1837 1235 1912 1293 de
1938 1244 2179 1293 mortuo
2214 1234 2536 1293 habuistis.
2520 1235 2541 1277 ³

775 1317 904 1377 CR.
949 1316 1278 1380 Habuimis,
1308 1322 1368 1372 et
1396 1314 1643 1393 quidni?
1686 1314 1790 1371 sed
1816 1316 1965 1372 nihil
1990 1316 2401 1390 comperimus,

776 1389 965 1454 OED.
1006 1389 1130 1452 Cur
1168 1411 1313 1471 ergo
1351 1403 1495 1452 tunc
1534 1395 1633 1451 ille
1669 1394 1899 1470 sapiens
1927 1412 2050 1453 non
2076 1394 2281 1453 eadem
2306 1394 2433 1452 haec
2461 1392 2632 1459 dixit,
2670 1401 2805 1469 quoe

699 1494 860 1537 nunc
886 1474 1029 1532 dicit
1053 1463 1128 1529 de
1155 1491 1282 1532 me.
1235 1442 1290 1514 θ)
1468 1491 1471 1498 ·

708 1561 711 1566 ’
783 1553 908 1612 CR.
951 1551 1201 1610 Nescio,
1222 1551 1320 1612 de
1343 1552 1414 1609 iis
1440 1553 1599 1610 enim
1626 1521 1754 1629 quse
1781 1569 1903 1621 non
1927 1509 2198 1629 intelligo
2222 1559 2406 1610 taceo,

563 1632 685 1692 570
781 1632 971 1691 OED.
1031 1632 1251 1690 Saltem
1295 1631 1521 1741 factum
1558 1639 1733 1689 tuum
1782 1632 1955 1714 nosti,
1994 1632 2287 1752 dicesque,
2328 1633 2391 1688 si
2434 1628 2716 1705 prudens
2741 1644 2807 1684 en

688 1713 861 1771 satis.
2871 1717 2874 1720 '

720 1785 910 1849 CR
952 1790 1112 1853 Quid
1139 1789 1284 1849 illud
1310 1793 1436 1848 est.
1422 1792 1442 1833 θ
1486 1791 1537 1848 si
1564 1791 1723 1849 enim
1749 1792 1949 1860 sciam,
1976 1807 2099 1858 non
2124 1737 2372 1872 negabo.
2588 1816 2595 1824 ·

738 1870 968 1929 OED.
1007 1870 1239 1938 Vatem,
1272 1871 1385 1928 nisi
1410 1879 1607 1929 tecum
1635 1887 1978 1947 congressus
2004 1870 2229 1937 fuisset,
2258 1884 2565 1946 nunquam
2591 1883 2692 1923 me
2716 1863 2808 1921 di·-

705 1959 950 2010 ctutum
972 1948 1151 2007 fuisse
1175 1959 1477 2008 auctorem
1503 1949 1686 2007 caedis
1700 1949 1851 2008 Laii.

541 2040 556 2054 ’·
570 2021 719 2087 575
782 2029 908 2088 CR.
949 2027 1045 2086 An
1067 2030 1182 2086 hoc
1205 2029 1306 2086 ille
1330 2028 1507 2097 dicat,
1535 2029 1659 2105 ipse
1682 2037 1753 2087 tu
1780 2030 1988 2106 nostis.
1981 2046 2131 2162 ego
2156 2034 2357 2098 autem
2384 2034 2446 2083 te
2470 2021 2808 2103 percontari

704 2110 880 2185 cupio
905 2109 1114 2165 itidem
1144 2117 1218 2168 ut
1239 2118 1311 2167 tu
1336 2126 1433 2201 me
1459 2108 1658 2167 modu.

707 2188 713 2194 '
784 2187 974 2246 OED
1019 2188 1430 2261 Percontare3
1448 2191 1571 2245 non
1597 2188 1757 2245 enim
1782 2152 2045 2264 unquam
2073 2186 2209 2244 Laii
2234 2186 2458 2243 occisor
2482 2195 2726 2260 arguar.

679 2273 685 2278 '
782 2261 910 2326 CR.
944 2267 1075 2344 Age
1102 2284 1267 2344 erge,
1294 2284 1449 2325 anne
1475 2277 1670 2327 meam
1695 2283 1956 2324 sororem
1981 2262 2301 2341 conjugem
2326 2262 2541 2325 haboe-
2526 2263 2548 2303 ²

760 2345 975 2408 OED.
1014 2345 1160 2408 Non
1183 2353 1274 2403 est
1297 2353 1369 2404 ut
1393 2344 1553 2408 istud
1584 2345 1740 2422 quod
1767 2344 1976 2422 quaeris
2003 2362 2237 2420 negem.
2630 2349 2636 2356 ‘

786 2416 912 2484 CR.
952 2424 1034 2483 Et
1058 2442 1269 2502 regnas
1295 2424 1516 2501 pariter
1540 2437 1677 2481 cum
1702 2442 1792 2490 ea,
1819 2424 2061 2500 parique
2093 2423 2303 2482 frueris=
2336 2422 2462 2500 agri
2488 2419 2803 2498 portione
2784 2418 2812 2461 ἲ

571 2499 690 2571 580
784 2505 972 2562 OED.
1013 2504 1165 2567 Quae
1191 2503 1463 2571 voluerit,
1493 2522 1542 2560 a
1554 2522 1650 2560 me
1675 2503 2052 2597 consequitur
2076 2505 2293 2561 omnia.

682 2580 700 2608 ²
785 2572 910 2641 CR.
950 2582 1169 2641 Nonne
1193 2584 1375 2641 vobis
1382 2581 1614 2640 duobus
1640 2584 1852 2641 tertius
1877 2600 1992 2660 ego
2018 2583 2299 2661 aequalrs
2284 2584 2308 2624 ²
2413 2605 2419 2610 ·

783 2663 971 2720 OED.
1016 2661 1136 2720 Hic
1160 2679 1340 2738 porro
1363 2662 1606 2719 tandem
1629 2662 1817 2720 malus
1842 2676 2085 2738 appares
2108 2663 2348 2719 amicus.
2787 2694 2794 2699 ·

785 2741 914 2801 CR.
954 2736 1134 2800 Haud
1159 2759 1297 2801 sane
1322 2740 1496 2807 dices,
1525 2741 1575 2798 si
1601 2749 1687 2808 tu,
1715 2749 1782 2799 ut
1821 2759 1954 2817 ege,
1982 2743 2274 2801 rationem
2298 2736 2623 2799 subducere
2648 2737 2812 2795 velis.

570 2823 687 2878 585
707 2821 1024 2879 Considera
1048 2823 1161 2878 hoc
1183 2822 1459 2915 primum,
1486 2836 1566 2878 an
1605 2816 1957 2899 quemquam
1998 2830 2165 2898 p'utes
2194 2835 2441 2898 regnare
2468 2816 2642 2875 malle
2668 2824 2812 2873 cum

574 2903 579 2910 '
620 2918 627 2925 ·
705 2900 1047 2966 terroribus,
1075 2919 1253 2978 quam
1279 2901 1406 2958 sine
1432 2906 1598 2957 metu
1622 2901 1899 2964 dormire,
1927 2901 1977 2957 si
2003 2900 2330 2976 potentiam
2355 2896 2622 2956 obtineat
2644 2906 2811 2952 eam'-

707 2979 858 3037 dem.
939 2979 1075 3056 Ego
1099 2997 1244 3037 sane
1266 2996 1468 3057 neque
1479 2980 1602 3055 ipse
1626 2981 1801 3056 cupio
1825 2996 1930 3038 rex
1955 2998 2078 3037 esse
2118 2981 2324 3055 magis,
2353 2993 2529 3056 quam
2556 2988 2698 3052 quae·
2716 2991 2816 3031 re-

571 3056 798 3144 590gis
831 3065 969 3116 sunt
1007 3059 1217 3126 facere,
1247 3077 1354 3116 nec
1393 3058 1564 3125 aliua,
1591 3061 1845 3137 quisquis
1885 3059 2182 3115 modestus
2221 3076 2346 3114 esse
2384 3054 2563 3115 novit.
2643 3051 2811 3112 Nam

705 3155 865 3215 nunc
891 3137 1125 3235 quidem
1151 3157 1188 3195 a
1211 3146 1272 3193 te
1299 3139 1499 3198 omnia
1537 3138 1778 3217 absque
1792 3145 1982 3195 metu
1977 3155 2314 3214 consequor
2328 3161 2347 3208 3
2391 3143 2454 3193 at
2477 3134 2528 3189 si
2554 3133 2675 3206 ipse
2704 3150 2814 3192 rex

604 3244 607 3254 ·
705 3224 914 3283 essem,
920 3217 1127 3274 multa
1144 3218 1361 3275 invitus
1385 3217 1657 3276 facerem.
1698 3216 1817 3280 Qui
1839 3217 1984 3272 mihi
2004 3234 2148 3293 ergo
2163 3234 2413 3293 regnum
2437 3213 2663 3272 dulcius
2684 3230 2814 3269 esse
2849 3237 2855 3243 ·

578 3350 583 3355 .
749 3297 888 3360 ossit
907 3315 1083 3372 quam
1104 3292 1462 3375 principatus
1480 3294 1717 3353 securus
1738 3296 1810 3352 et
1818 3298 2114 3371 potentia.
2102 3298 2123 3337 ²
2158 3296 2427 3366 nondum
2447 3292 2595 3350 adeo
2619 3292 2812 3351 animi

479 3440 487 3455 .
571 3374 688 3432 ⁵95
786 3368 882 3431 sus
907 3376 1058 3437 sum,
1080 3382 1149 3432 ut
1172 3375 1288 3431 alia
1312 3393 1488 3461 quam
1515 3372 1756 3443 utilitati
1782 3372 2100 3448 conjuncta
2118 3379 2400 3450 expetam
2413 3374 2585 3431 bona.
2601 3370 2814 3430 Nunc

707 3454 982 3511 omnibus
1007 3454 1286 3520 oblector,
1315 3472 1475 3511 nunc
1501 3473 1598 3512 me
1638 3456 1883 3547 quisque
1922 3455 2337 3528 amplectitur.
2383 3469 2543 3511 nunc
2578 3450 2680 3539 qui
2707 3451 2815 3508 abs

694 3526 770 3589 ie
795 3531 1014 3609 aliqu‘id
1040 3532 1302 3607 cupiunt,
1332 3542 1697 3608 precatorem
1740 3551 1837 3590 me
1876 3533 2196 3590 advocant}
2241 3542 2310 3589 'ut
2349 3529 2530 3590 enim
2550 3525 2814 3601 cujusvis

708 3614 830 3668 voti
868 3620 1170 3686 compotes
1208 3613 1371 3691 liant,
1401 3614 1466 3670 in
1505 3630 1688 3677 manu
1728 3630 1860 3670 mea
1898 3619 2004 3669 est.
2094 3611 2237 3679 Cur,
2266 3612 2523 3685 obsecro,
2553 3614 2815 3692 regnum

575 3688 1026 3770 GQOcaptarem,
1075 3692 1298 3748 omissis
1343 3691 1433 3747 his
1477 3688 1842 3748 commodis?
1899 3688 2099 3748 Mens
2144 3697 2305 3749 recta
2353 3692 2582 3776 sapiens
2630 3705 2816 3763 prava

708 3770 953 3827 consilia
990 3788 1291 3846 nunquam
1313 3771 1658 3845 agitaverit.
1743 3768 1857 3826 Sed
1896 3778 2003 3826 n'ec
2021 3789 2126 3831 -me
2165 3788 2372 3827 eorum
2411 3787 2541 3846 quae
2568 3775 2633 3824 tu
2662 3767 2813 3825 dicis

709 3850 832 3910 ulla
857 3851 1090 3907 incessit
1120 3850 1367 3925 cupidO,
1383 3867 1510 3923 nec,
1538 3850 1588 3906 si
1614 3849 1754 3926 quis
1784 3852 2021 3924 operam
2062 3850 2228 3906 suam
2267 3849 2580 3914 conferret,
2606 3846 2668 3903 id
2695 3852 2813 3903 uri-
2853 3860 2856 3867 ¹

709 3946 884 4004 quam
912 3929 1260 3984 sustinerem
1295 3910 1556 4003 aggredi
1627 3929 1833 4005 Atque
1858 3929 2072 3987 horum
2099 3928 2206 3986 tibi
2232 3928 2589 3986 documenta
2613 3925 2805 3983 dabo·

711 4024 780 4064 ac
806 4009 996 4083 primo
1017 4006 1251 4104 'quidem
1264 4006 1537 4083 Delphos
1564 4007 1858 4089 profectus
1884 4009 2127 4084 exquire
2152 4025 2229 4064 an
2248 4008 2357 4064 tibi
2383 4007 2684 4071 oraculum
2711 4022 2811 4063 ac-

565 4082 715 4137 605
712 4095 912 4143 curate
961 4086 1454 4163 renuntiaverim5
1498 4093 1630 4143 tum
1676 4096 1813 4143 vero
1855 4087 1906 4142 si
1946 4105 2042 4142 me
2087 4104 2222 4144 cum
2261 4088 2532 4171 aruspice
2578 4081 2813 4142 consilii

713 4165 850 4245 quid
873 4158 1329 4225 communicasse
1355 4162 1827 4241 deprehenderis,
1853 4165 2103 4222 occidas
2107 4185 2220 4228 me,
2249 4182 2371 4224 non
2380 4158 2677 4241 simplice,
2704 4163 2813 4221 sed

620 4252 626 4259 “
709 4244 971 4336 geOmlnog
1014 4260 1147 4300 meo
1199 4253 1418 4320 tuoque
1467 4242 1815 4347 ‘damnatum
1856 4240 2097 4303 calculo,
2177 4245 2411 4303 Incerta
2458 4253 2662 4303 autem
2705 4261 2815 4300 su·-

577 4329 583 4336 '
711 4323 968 4398 spicione
995 4339 1070 4380 ne
1097 4340 1191 4382 me
1218 4323 1489 4401 priuatim
1515 4334 1761 4385 accuses.
1803 4322 1997 4384 Non
2024 4325 2186 4386 enim
2214 4321 2449 4425 justum
2486 4330 2574 4383 'est
2609 4336 2813 4402 neqm
2879 4342 2892 4353 ·
