3017 4900
671 247 815 329 em
859 331 875 358 χ
1440 250 2114 324 ΡΗηοοΤΕῬΕε.

759 428 1053 490 ΝΕΟΡΤ.
1096 423 1339 490 Aetutus
1373 435 1467 487 est
1503 428 1607 488 ille
1634 430 1932 505 luctator,
1973 426 2078 490 sed
2100 426 2195 490 vel
2210 424 2424 502 callida
2445 423 2710 493 consilia,
2732 423 2772 485 ὁ

683 509 1031 576 Philocteta,
1058 508 1478 570 labefactantur
1500 526 1670 585 saepe.
2540 525 2573 580 '.

762 588 979 648 PHIL.
1020 589 1150 664 Age
1174 587 1266 645 dic
1292 587 1552 655 obsecro,
1577 588 1818 666 ubinam
1843 596 1972 648 tum
2009 594 2138 646 erat
2176 584 2284 644 tibi
2321 583 2651 654 Patroclus,
2678 583 2772 660 qui

684 670 838 745 patri
865 675 973 723 tuo
997 665 1109 724 fuit
1138 666 1200 723 in
1225 667 1481 725 deliciis?

525 748 652 806 435
765 744 1055 803 NEOPT.
1094 744 1176 802 Et
1205 746 1300 803 ille
1325 755 1591 804 mortuus
1615 753 1761 803 erat.
1839 744 1996 803 Rem
2021 753 2222 803 autem
2246 743 2310 802 in
2347 759 2537 820 panea
2576 738 2777 799 confe-

686 842 846 883 ram:
889 823 1123 881 Bellum
1159 824 1455 882 neminem
1499 825 1803 882 hominem
1846 823 2056 884 lubens
2098 823 2336 899 perimit
2383 821 2635 887 malum,
2678 816 2776 877 sed

683 912 1222 1052 opgffiqiseggfss
1245 980 1331 1039 rei
1356 982 1521 1038 testis
1549 981 1658 1038 tibi
1695 998 1823 1040 sum
1842 1004 1859 1036 ε
1903 962 2125 1060 haeque
2149 979 2290 1055 ‘ipsa
2323 979 2519 1057 gratia
2556 977 2637 1035 de
2674 941 2780 1036 lio-

535 1060 658 1116 440
688 1061 849 1119 mine
889 1072 949 1117 te
987 1061 1208 1136 rogabo
1246 1058 1463 1118 nullius
1495 1060 1732 1139 quidem
1783 1061 1978 1137 pretii,
2015 1059 2119 1118 sed
2156 1059 2364 1136 lingua
2396 1064 2685 1137 prompto
2720 1061 2781 1115 et

685 1138 925 1204 callido,
952 1138 1091 1215 quid
1118 1155 1275 1198 nunc
1299 1145 1454 1216 agat.

766 1216 1061 1276 NEOPT.
1101 1217 1196 1275 An
1219 1218 1493 1294 quopiam
1517 1216 1592 1278 de
1617 1217 1736 1275 alio
1760 1235 1934 1293 quam
1960 1216 2165 1292 Ulysse
2187 1218 2399 1295 rogas?

766 1295 983 1355 PHIL.
1025 1295 1168 1356 Non
1205 1297 1364 1354 hunc
1388 1295 1546 1354 volui
1563 1320 1581 1355 z
1621 1297 1725 1354 sed
1760 1295 2056 1355 Thersites
2092 1303 2221 1356 erat
2243 1295 2498 1373 quim,
2528 1292 2638 1372 qui
2672 1289 2779 1351 sitii

688 1391 992 1453 nunquam
1029 1374 1410 1452 temperabat,
1445 1375 1588 1452 quin
1629 1375 1758 1451 plus
1795 1374 1980 1434 semel
2016 1373 2255 1442 diceret,
2281 1373 2441 1451 quod
2479 1390 2561 1430 ne
2598 1370 2783 1430 semel

690 1454 925 1532 quidem
951 1453 1150 1511 audire
1176 1454 1479 1531 quisquam
1503 1454 1694 1511 vellet.
1772 1453 1924 1512 Scin’
1951 1453 2108 1512 hunc
2132 1471 2212 1511 an
2236 1454 2377 1511 vivit
2399 1451 2642 1514 adhuc?

539 1541 657 1597 445
774 1531 1065 1589 NEOPT.
1110 1532 1305 1608 Ipsum
1333 1550 1453 1590 non
1479 1532 1596 1590 vidi
1610 1557 1628 1604 3
1670 1531 1771 1589 sed
1796 1531 1990 1590 audivi
2013 1533 2380 1609 superstitem
2404 1549 2551 1588 esse.

721 1667 728 1688 τ
770 1607 988 1684 PHlL.
1028 1611 1121 1667 lta
1144 1611 1360 1682 scilicet
1385 1611 1654 1669 futurum
1680 1618 1827 1678 erat,
1844 1610 2128 1689 siquidem
2154 1612 2304 1670 nihil
2324 1628 2592 1688 unquam
2601 1605 2785 1694 ‘pravi

690 1690 915 1748 interiit
939 1713 955 1744 ι
999 1689 1099 1748 sed
1119 1689 1185 1760 ‚id
1210 1691 1373 1748 omni
1396 1708 1540 1748 cura
1564 1698 1834 1764 tutantur
1857 1690 1992 1747 Dii:
2035 1697 2098 1746 et
2120 1690 2317 1767 siquis
2341 1697 2431 1747 est
2454 1688 2779 1749 malitiosus

692 1777 754 1826 et
791 1763 1214 1834 fraudulentae,
1255 1787 1394 1827 eum
1433 1768 1686 1827 libenter
1725 1756 2037 1843 prohibent
2073 1768 2149 1827 ab
2191 1770 2387 1840 orem
2432 1768 2534 1846 qui
2574 1777 2779 1824 autem

541 1843 663 1910 450
683 1843 831 1921 justi
875 1854 936 1904 et
975 1846 1142 1922 probi
1181 1856 1337 1912 sunt,
1379 1846 1508 1905 illos
1547 1866 1621 1905 eo
1658 1847 1846 1905 solent
1887 1846 2212 1906 demittere.
2290 1849 2429 1909 Quo
2473 1853 2618 1903 sum
2658 1845 2780 1901 haee

691 1925 981 1983 censenda
1013 1926 1166 1991 loco,
1194 1943 1310 2001 quo
1349 1926 1588 1984 nomine
1625 1925 1930 1990 laudanda,
1957 1927 2009 1982 si
2044 1926 2311 1986 Deorum
2346 1925 2503 1990 facta
2531 1923 2782 2001 ⁴lau-dare.

692 2003 2099 2160 agffeffiffiffpgui'ilzffiffgassteeepffiffidggte,
2125 2085 2190 2141 in
2229 2071 2524 2159 posterum
2569 2035 2781 2139 dehine

543 2169 661 2225 455
694 2159 984 2239 Iliumque
1022 2169 1085 2219 et
1121 2162 1352 2220 Atridas
1393 2163 1600 2237 procul
1636 2164 1891 2229 intuens,
1935 2162 2011 2220 ab
2045 2162 2115 2220 iis
2154 2162 2302 2220 mihi
2340 2160 2579 2219 cavebo.
2663 2156 2780 2218 Ubi

641 2291 650 2302 ,
695 2242 855 2298 enim
878 2241 1132 2299 deterior
1156 2241 1312 2299 bono
1338 2240 1469 2317 plus
1500 2242 1662 2305 valet,
1691 2242 1956 2318 peritque
1983 2241 2182 2307 virtus,
2208 2247 2270 2298 et
2292 2242 2535 2317 ignavus
2575 2255 2779 2297 rerum

696 2320 939 2396 potitur,
967 2336 1266 2396 nunquam
1306 2338 1421 2397 ego
1458 2321 1603 2378 tales
1627 2320 1779 2377 viros
1815 2337 2101 2378 amavero.
2182 2320 2297 2377 Sed
2335 2336 2537 2377 saxosa
2577 2318 2779 2394 Scyros

542 2404 665 2461 460
692 2397 983 2469 suffecerit
1008 2398 1155 2457 mihi
1182 2399 1436 2474 posthac,
1456 2406 1524 2458 ut
1547 2417 1645 2458 me
1670 2416 1816 2482 meae
1841 2397 1999 2458 domi
2022 2397 2328 2457 oblectem.
2375 2397 2553 2457 Nunc
2579 2405 2780 2455 autem

693 2495 878 2556 pergo
918 2476 992 2535 ad
1032 2495 1256 2535 navem.
1332 2479 1414 2535 At
1440 2488 1528 2546 tu,
1554 2479 1811 2536 Poeantis
1834 2478 1939 2544 fili,
1964 2479 2088 2538 vale
2115 2497 2290 2556 quam
2312 2478 2591 2543 maxime,
2617 2475 2742 2535 vale
2755 2488 2774 2545 ;‘

693 2567 753 2614 et
781 2568 839 2614 te
863 2556 967 2618 Dii
991 2556 1199 2613 morbo
1221 2555 1492 2623 liberent,
1514 2567 1583 2615 ut
1607 2557 1729 2632 ipse
1752 2557 2029 2633 postulas,
2103 2557 2229 2615 Nos
2254 2565 2457 2617 autem
2480 2555 2779 2620 abeamus,

425 2701 430 2707 ,
527 2642 660 2714 ,465
693 2642 781 2702 ut,
810 2635 907 2692 ubi
934 2634 1095 2691 Deus
1120 2633 1285 2694 nobis
1306 2647 1547 2693 ventum
1571 2635 1869 2715 concedet,
1897 2636 2054 2695 illico
2078 2637 2205 2694 vela
2225 2637 2290 2694 in
2313 2636 2503 2695 altum
2525 2634 2751 2694 demus».

771 2712 985 2772 PHIL.
1030 2713 1260 2776 Jamne,
1289 2713 1327 2771 ὂ
1351 2714 1455 2779 fili,
1479 2733 1518 2772 a
1541 2732 1637 2773 me
1660 2714 1993 2773 disceditis?

771 2791 1059 2850 NEOPT.
1100 2792 1527 2868 Opportunitas
1564 2793 1725 2851 enim
1764 2804 1986 2861 monet,
2013 2801 2085 2852 ut
2122 2811 2305 2871 prope
2331 2811 2536 2852 navem
2560 2791 2775 2871 potius,
2833 2796 2841 2811 ’

692 2888 867 2950 quam
896 2870 1117 2945 procul,
1145 2872 1429 2930 ferentem
1456 2872 1826 2931 observemus
1853 2881 2111 2931 ventum.
2319 2916 2322 2918 ψ

771 2949 989 3010 PHIL.
1028 2949 1144 3007 Per
1180 2968 1296 3027 ego
1334 2959 1393 3009 te
1431 2961 1679 3027 patrem,
1719 2966 1937 3029 perque
1975 2960 2244 3017 matrem,
2271 2951 2310 3009 ὀ
2348 2951 2453 3017 fili,
2479 2966 2701 3035 perque
2728 2947 2776 3005 si

525 3033 665 3095 ,470
694 3028 832 3107 quid
859 3029 964 3085 tibi
990 3028 1148 3086 domi
1187 3040 1275 3087 est
1312 3047 1536 3098 carum,
1562 3031 1807 3106 supplex
1846 3048 2003 3089 nunc
2040 3047 2209 3108 rogo,
2236 3048 2311 3086 ne
2348 3031 2644 3108 relinquas
2681 3043 2777 3086 me

692 3109 882 3165 solum
909 3106 1074 3174 aden,
1099 3108 1265 3166 malis
1291 3111 1354 3166 in
1380 3110 1538 3167 hisce
1575 3109 1891 3176 desertum,
1918 3116 2061 3187 quot
2085 3111 2432 3187 quantisque
2470 3105 2776 3166 colluctari

692 3204 790 3244 me
815 3186 991 3253 vides,
1015 3193 1192 3262 atque
1216 3187 1487 3245 audiisti:
1529 3187 1632 3246 sed
1671 3206 1767 3246 me
1809 3198 2084 3266 tanquam
2121 3189 2506 3247 accessionem
2537 3188 2773 3275 naviga·

569 3278 574 3283 ·
692 3265 845 3324 tioni
883 3273 1003 3323 tuae
1040 3265 1251 3341 recipe.
1330 3265 1607 3329 Molestia
1628 3266 1883 3345 quidem,
1909 3275 2001 3324 sat
2037 3268 2178 3333 scio,
2216 3267 2406 3344 gravis
2445 3266 2557 3325 erit
2597 3267 2774 3336 hujus

541 3348 662 3411 475
694 3342 922 3402 oneris:
969 3346 1166 3401 tamen
1190 3346 1426 3403 sustine.
1491 3342 1722 3421 Nempe
1745 3346 2042 3423 generosis
2061 3345 2198 3404 odio
2221 3354 2310 3404 est
2332 3346 2555 3423 quidvis
2580 3353 2774 3419 turpe,

692 3430 754 3481 et
793 3423 1108 3481 honestum
1146 3422 1359 3482 decori.
1437 3422 1574 3481 Tibi
1607 3424 1843 3503 quidem
1881 3425 2335 3502 praetermissum
2371 3427 2483 3484 hoe
2518 3423 2776 3483 officium

691 3501 916 3580 grande
947 3499 1098 3559 feret
1128 3501 1409 3576 dedecus;
1454 3513 1746 3564 servatum
1772 3520 1927 3571 vere,
1953 3504 1993 3564 ὁ
2016 3504 2123 3571 fili,
2149 3513 2211 3563 te
2248 3504 2420 3562 laude
2458 3501 2778 3562 cumulabit

542 3581 665 3638 480
693 3582 968 3646 maxima,
1007 3580 1058 3638 si
1102 3581 1259 3640 vivus
1302 3600 1417 3662 ego
1462 3600 1677 3641 venero
1719 3583 1796 3640 ad
1844 3572 2101 3642 OEtaeam
2150 3590 2388 3643 terram.
2464 3582 2615 3659 Age,
2661 3577 2774 3639 diei

543 3659 549 3665 ’
622 3660 627 3666 ’
693 3677 958 3718 aerumna
980 3667 1069 3718 est
1107 3661 1266 3720 haud
1304 3664 1478 3732 unius
1516 3662 1767 3739 integri:
1807 3660 1996 3733 aude3
2039 3660 2356 3721 abductum
2394 3676 2773 3755 meoquoeun·

685 3756 807 3819 *que
831 3737 987 3797 voles
1007 3734 1204 3812 injice,
1226 3742 1290 3798 in
1313 3743 1633 3809 sentinam,
1651 3741 1716 3799 in
1740 3757 1995 3816 proram,
2020 3742 2087 3799 in
2115 3740 2377 3818 puppim,
2405 3738 2509 3799 uba
2532 3740 2773 3798 minime
2891 3775 2899 3780 -

681 3817 925 3899 futurus
948 3819 1058 3877 sim
1084 3820 1520 3879 convectoribus
1543 3812 1837 3887 molestus.
1881 3818 2113 3887 Adnue,
2139 3838 2245 3896 per
2266 3820 2459 3896 ipsum
2484 3827 2544 3877 te
2568 3819 2604 3875 J
2608 3834 2771 3877 ovem

538 3898 659 3982 435
693 3897 953 3981 obtestor
978 3896 1266 3959 vindicem
1303 3899 1667 3975 supplicum3
1711 3898 1835 3958 sine
1868 3910 1929 3956 te
1953 3916 2211 3966 exorem,
2237 3898 2276 3957 ὁ
2302 3898 2404 3957 fili.
2480 3898 2771 3957 Advolvor

690 3976 940 4058 genibus
977 3977 1113 4049 tuis,
1149 3979 1380 4035 tametsi
1399 3995 1534 4054 ¹ego
1570 3977 1772 4035 infelix
1807 3977 2076 4038 infirmus
2113 3992 2245 4037 sum
2281 3986 2343 4036 et
2378 3977 2653 4037 claudus:
2694 3991 2768 4035 ne

682 4052 790 4113 'me
811 4054 1126 4133 relinquas,
1154 4056 1412 4123 obsecro,
1436 4056 1732 4115 desertum
1754 4055 1918 4120 adeo.
1945 4054 2050 4115 ubi
2088 4057 2397 4117 hominum
2434 4056 2600 4116 nulla
2635 4064 2768 4114 sunt

692 4133 953 4211 vestigia.
1033 4133 1146 4191 Sed
1177 4135 1268 4191 vel
1306 4134 1380 4192 ad
1419 4135 1666 4193 domum
1704 4142 1865 4194 tuam
1905 4143 2134 4195 vectum
2176 4154 2273 4196 me
2309 4136 2545 4212 sospita,
2572 4136 2662 4194 vel
2695 4130 2768 4193 ad

544 4217 666 4290 490
695 4207 1105 4283 Chaleodontis
1141 4213 1208 4271 in
1244 4212 1476 4271 Euboea
1513 4211 1711 4286 sedes;
1752 4224 1815 4272 at
1852 4213 1990 4274 inde
2028 4216 2368 4292 non‘longa
2390 4215 2502 4273 erit
2525 4215 2672 4273 mihi
2693 4210 2762 4272 ad

581 4290 587 4300 ²
691 4290 901 4375 OEtw
941 4290 1259 4369 *navigatim
1295 4290 1791 4372 Trachiniumque
1827 4289 2069 4372 jug'um,
2096 4290 2167 4354 ‘et
2209 4294 2449 4372 pulchre
2491 4294 2764 4357 fluentem
