3017 4900
817 327 947 392 206
1722 316 1997 393 AJAX.

664 503 787 566 870
815 494 1072 632 cefgcere
1116 500 1308 574 queat.
1405 493 1560 555 Ecce
1602 514 1760 566 vero,
1812 496 1976 558 ecce!
2041 499 2349 577 strepitum
2400 502 2557 562 enim
2600 501 2865 586 quendam

816 593 890 634 au
933 593 1009 632 ιο.
1161 599 1170 609 ·

891 651 1217 713 SEMICH.
1256 652 1545 711 Nostram
1572 654 1827 732 quidem,
1853 656 2143 716 navalium
2168 659 2481 720 sociorum.

893 731 1221 791 SEMICH.
1262 731 1423 794 Quid
1446 731 1632 810 igitur
1655 734 1780 791 est?

840 809 1220 948 alSlilallssCH.
1257 810 1481 872 Totum
1518 811 1861 888 perlustravi
1884 813 2253 873 nauticorum
2278 826 2601 878 castrorum
2626 818 2867 876 occiden-

812 896 839 947 t
898 908 931 946 e
1016 897 1125 948 tus.

661 970 778 1033 875
890 966 1219 1025 SEMICH.
1265 967 1541 1025 Habesne
1566 968 1785 1045 igitur?
2320 995 2325 1000 ·

809 1124 852 1183 d
890 1046 1214 1140 sssMch.
1261 1045 1503 1104 Laboris
1531 1047 1766 1124 quidem
1789 1049 2038 1126 copiam,
2065 1056 2125 1107 et
2150 1050 2296 1110 nihil
2324 1051 2594 1128 amplius,
2622 1052 2778 1130 quod
2796 1051 2868 1108 vi-

851 1144 1017 1183 enm.

888 1200 1216 1262 SEMICH.
1253 1202 1380 1260 Nec
1407 1202 1565 1260 mihi
1602 1222 1740 1264 sane
1771 1205 1846 1264 ad
1870 1208 2157 1266 orientem
2180 1208 2360 1265 solem
2385 1210 2657 1286 pergenti
2681 1209 2765 1267 vir
2784 1209 2871 1266 hic-

806 1300 1054 1359 usquam
1079 1280 1551 1357 conspiciendum
1564 1281 1636 1339 'se
1661 1283 1890 1342 obtulit.

658 1374 779 1432 880
889 1361 1022 1443 Οῌ.
1043 1360 1206 1421 ‚Quis
1245 1361 1429 1436 igitur
1466 1361 1633 1428 mth,
1659 1362 1923 1439 quisnam
1948 1381 2022 1433 ex
2046 1363 2343 1422 laboriosis
2366 1365 2760 1441 piscatoribus,
2784 1381 2864 1423 ea-

807 1446 997 1515 pturae
1033 1438 1313 1505 intentuS,
1353 1440 1575 1515 soporis
1613 1458 1836 1516 expers,
1871 1451 1977 1500 aut
2001 1461 2133 1519 quae
2171 1443 2432 1501 Dearum
2457 1445 2549 1503 vel
2587 1443 2864 1518 Olympia-

656 1531 774 1586 885
807 1518 970 1585 dum,
993 1518 1094 1600 vel‘
1106 1516 1365 1574 labentes
1388 1517 1453 1575 in
1478 1516 1803 1594 Bosporum
1838 1521 2037 1582 fluvios
2076 1522 2473 1589 incolentium,
2499 1523 2676 1590 dicat,
2702 1521 2861 1579 sicubi

805 1597 958 1655 forte
981 1596 1171 1653 ferum
1198 1592 1435 1666 Ajacem
1459 1596 1650 1668 videat
1675 1606 1986 1657 errantem.
2065 1600 2262 1657 Grave·
2277 1607 2364 1657 est
2389 1603 2548 1660 enim
2573 1608 2862 1678 vagantem

562 1688 574 1700 ·
656 1687 777 1744 890
806 1676 996 1733 multo
1033 1692 1169 1731 cum
1206 1674 1404 1747 labore
1441 1675 1673 1732 irritum
1700 1678 1999 1753 peregisse
2036 1696 2292 1745 cursum,
2334 1698 2542 1758 meque
2582 1680 2870 1738 hominen

806 1752 1159 1812 imbecillum
1185 1763 1245 1809 et
1270 1752 1487 1810 viribus
1512 1752 1781 1817 fractum,
1809 1756 1913 1813 ubi
1937 1761 2024 1814 est
2049 1775 2170 1814 non
2194 1775 2448 1817 cernere.

781 1831 792 1838 ·
882 1829 1128 1889 TECM.
1170 1830 1288 1888 Hei
1313 1831 1477 1897 mihi,
1502 1832 1601 1888 hei
1627 1825 1809 1890 mihi!
2086 1829 2091 1834 ·
2256 1819 2283 1838 ‘

883 1910 1016 1967 CH.
1061 1905 1211 1983 Cuja
1234 1928 1346 1967 vox
1365 1910 1491 1968 haec
1519 1912 1777 1986 proxime
1804 1931 1838 1970 e
1863 1930 2101 1974 nemore
2126 1915 2306 1972 exiit?

875 1988 1124 2048 TECM.
1165 1988 1304 2047 Heu
1328 2007 1424 2048 me
1447 1989 1770 2046 infelicem!
1952 1983 1966 2001 ⁸

651 2080 770 2136 895
881 2068 1014 2127 CH.
1052 2067 1354 2143 Captivam
1401 2067 1788 2136 Tecmessam,
1826 2069 2105 2129 miseram·
2135 2088 2406 2147 sponsam
2446 2070 2635 2138 video,
2674 2072 2737 2130 in
2768 2071 2860 2130 hos

801 2149 1042 2207 effusam
1104 2156 1320 2204 uestuS.
1960 2199 1965 2208 ,
2788 2189 2795 2198 =

877 2227 1077 2284 TEcn
1110 2271 1122 2284 .
1162 2226 1338 2292 Perii,
1365 2226 1569 2293 occidi,
1594 2231 1790 2285 actum
1816 2237 1924 2294 est,
1950 2226 2122 2283 amici
2143 2247 2157 2282 ε
2202 2227 2347 2285 nihil
2371 2239 2636 2304 superest
2659 2230 2810 2290 mihi.

878 2305 1009 2364 CH.
1047 2304 1204 2366 Quid
1228 2304 1289 2362 id
1314 2306 1443 2361 est?

874 2383 1117 2444 TECM.
1158 2378 1313 2457 Ajax
1333 2384 1493 2440 hicce
1522 2382 1687 2441 nobis
1719 2380 1877 2457 jacet
1903 2385 2121 2441 recenti
2146 2383 2445 2443 confectus
2470 2386 2729 2455 vulnere,
2751 2385 2857 2442 fur-
2964 2381 2965 2392 ’

705 2484 720 2493 “
795 2466 917 2524 tivo
940 2482 1063 2521 sese
1086 2462 1325 2521 indutus
1348 2461 1563 2540 gladio,
1808 2466 1812 2473 '

647 2557 768 2611 900
875 2541 1006 2602 CH.
1045 2540 1256 2599 Eheu!
1301 2541 1373 2597 de
1401 2540 1593 2598 reditu
1616 2547 1813 2599 actum
1839 2550 1926 2598 est
1952 2542 2115 2601 mihi.
2194 2540 2399 2600 Eheu!
2447 2544 2720 2609 occidisti,
2745 2560 2854 2607 rex,
2962 2608 2963 2617 χ

795 2640 892 2682 me
917 2627 1087 2679 tuum
1109 2620 1353 2681 socium.
1432 2619 1690 2693 Omiser
1712 2637 1824 2697 ego
1848 2619 1862 2676 !
1907 2620 1945 2678 ὀ
1969 2636 2295 2679 aerumnosa
2319 2622 2567 2680 mulier!

871 2696 1118 2757 TECM.
1156 2695 1353 2764 Nunc,
1379 2704 1451 2755 ut
1473 2715 1566 2754 res
1590 2717 1652 2755 se
1674 2699 1868 2766 habet,
1893 2699 2096 2775 lugere
2120 2699 2304 2757 decet.

645 2788 761 2846 905
874 2776 1008 2835 CH.
1049 2772 1164 2834 Sed
1184 2771 1322 2848 cuja
1345 2776 1521 2834 miser
1544 2776 1766 2835 facinus
1787 2779 2037 2853 patravit
2059 2779 2278 2835 manu?
2960 2844 2961 2849 η

869 2854 1114 2915 TECM.
1159 2850 1276 2912 Sua
1299 2856 1442 2929 ipse,
1468 2863 1543 2912 ut
1563 2854 1762 2932 liquet.
1826 2858 2043 2934 Arguit
2066 2874 2199 2913 eum
2228 2856 2320 2917 hic
2347 2857 2498 2913 illius
2522 2860 2675 2916 ensis
2698 2864 2849 2914 terne

791 2936 1027 3002 infixuS,
1053 2934 1117 2990 in
1142 2951 1319 3011 quem
1342 2933 1672 3009 procubuit.

617 3022 765 3081 ,910
871 3012 1018 3072 CH.
1043 3008 1218 3081 Eheu
1254 3030 1447 3070 meam
1491 3013 1917 3071 calamitatem!
1960 3013 2125 3071 Solus
2164 3016 2318 3089 ergo
2351 3014 2480 3069 neci
2524 3013 2847 3076 occubuisti,
2958 3026 2959 3063 3

790 3093 965 3150 nullis
998 3100 1195 3168 septus
1232 3091 1429 3149 amicis
1446 3114 1463 3147 z
1506 3109 1620 3167 ego
1646 3092 1977 3149 veronimis
2003 3109 2175 3168 quam
2202 3093 2463 3157 stoliduS,
2487 3094 2671 3149 nimis
2687 3107 2847 3168 quam

787 3175 945 3229 iners
981 3171 1231 3246 neglexi.
1312 3170 1450 3236 Ubi,
1476 3169 1580 3230 ubi
1610 3167 1770 3242 jacet
1805 3170 2181 3228 intractabilis
2218 3172 2334 3237 ille,
2361 3172 2461 3227 ille
2498 3172 2735 3229 infausti
2756 3182 2850 3245 noy

643 3310 654 3317 ,
788 3251 963 3309 minis
986 3245 1176 3320 Ajax?

621 3319 758 3394 ‘915
864 3327 1111 3387 TECM.
1150 3327 1421 3402 Spectare
1460 3344 1583 3386 non
1619 3327 1749 3383 sino
1770 3350 1787 3380 ι
1828 3326 1931 3385 sed
1968 3327 2135 3385 illum
2173 3323 2546 3398 circumjecta
2575 3328 2686 3386 hac
2708 3332 2850 3383 veste

787 3414 984 3485 tegam
1017 3404 1294 3483 undique.
1373 3407 1607 3480 Quippe
1634 3422 1828 3473 neme,
1854 3406 2071 3463 amicus
2097 3406 2197 3482 qui
2220 3406 2316 3472 sit,
2340 3406 2559 3467 intueri
2582 3406 2850 3464 sustineat

787 3485 1022 3544 naribus
1058 3485 1355 3542 efflantem
1387 3491 1583 3540 atrum
1607 3486 1974 3560 sanguinem,
2000 3490 2061 3541 et
2086 3501 2158 3541 ex
2182 3489 2426 3543 cruento
2448 3485 2686 3543 vulnere
2709 3480 2848 3561 quod

631 3571 759 3627 920
785 3566 893 3623 sibi
918 3565 1129 3622 inflixit
1150 3565 1293 3636 ipse.
1372 3560 1490 3619 Hei
1515 3559 1692 3619 mihi!
1737 3564 1876 3640 quid
1900 3564 2108 3621 faciam
2132 3564 2153 3618 ?
2197 3564 2324 3638 quis
2347 3570 2408 3619 te
2446 3564 2613 3620 tollet
2649 3564 2848 3621 amico-

622 3640 628 3645 ’
784 3645 958 3702 rum?
998 3643 1103 3700 ubi
1136 3633 1366 3699 Teucer
1402 3641 1533 3697 est?
1602 3641 1799 3705 Quam
1836 3642 2151 3708 adveniret,
2185 3641 2235 3697 si
2273 3641 2506 3719 quidem
2544 3642 2844 3704 adveniret,

782 3722 1055 3798 tempori,
1081 3716 1150 3777 ut
1171 3721 1400 3795 lapsum
1425 3719 1583 3776 hunc
1605 3737 1779 3778 suum
1814 3722 2057 3779 fratrem
2096 3721 2270 3778 simul
2307 3718 2720 3795 componeret!
2795 3718 2845 3773 0

780 3800 984 3859 infelix
1021 3794 1193 3870 Ajax,
1231 3805 1486 3876 quantus
1509 3799 1632 3883 ιώ,
1677 3814 1853 3873 quam
1897 3801 2121 3859 misere’
2149 3807 2208 3855 te
2242 3798 2436 3865 habes,
2481 3806 2553 3856 ut
2571 3796 2843 3865 &ostibus

780 3881 959 3938 etiam
980 3878 1260 3953 lacrymas
1284 3883 1554 3935 excutere
1579 3877 1795 3952 possis!

632 3964 750 4021 925
861 3956 995 4029 CH.
1030 3955 1376 4013 Destinabas
1419 3973 1564 4032 ergo
1603 3955 1805 4013 infelix
1822 3954 2242 4033 propositique
2281 3954 2568 4032 pertinax,
2613 3950 2839 4028 defungi

631 4044 753 4099 930
780 4037 925 4094 olim
948 4035 1071 4093 fato
1091 4035 1361 4109 improbo
1386 4034 1837 4092 indesinentium
1863 4034 2277 4091 calamitatum.
2356 4033 2527 4090 Tales
2556 4035 2709 4103 mihij
2720 4048 2839 4108 per-
2948 4048 2949 4077 1

779 4132 901 4173 nox
923 4122 984 4170 et
1009 4112 1238 4189 perdius
1261 4113 1472 4169 immiti
1506 4124 1740 4187 pectore
1779 4111 2018 4168 tollebas
2056 4113 2329 4188 gemitus,
2356 4113 2565 4170 infesta
2603 4111 2834 4171 fundens

692 4238 698 4245 .
777 4191 995 4252 Atridis
1020 4190 1192 4248 verba
1214 4191 1344 4249 diro
1368 4207 1504 4248 cum
1531 4190 1758 4248 affectu.
1833 4190 1903 4246 M
1981 4207 2285 4249 numsaue
2309 4190 2455 4248 illud
2479 4192 2713 4249 initium
2734 4188 2833 4245 fuit
2944 4192 2947 4235 ὲ

632 4277 748 4360 985
774 4270 1358 4428 ἓὲἳξξὲριὲιεῖὲᾙω,
1397 4270 1631 4348 quando
1669 4270 1743 4328 de
1782 4207 2024 4329 Achffiis
2067 4270 2265 4367 armis.
2287 4274 2599 4331 certamen·
2622 4267 2833 4328 virtutis
