3017 4900
1153 205 1606 306 ELsc'ra'A.
1694 215 1703 224 ‘
2204 269 2208 274 ·
2286 249 2422 319 ω

333 427 520 490 neque
543 419 602 472 te
629 409 727 471 ‘vel
761 410 933 490 inseri
969 412 1088 471 Dei
1125 414 1196 473 ab
1235 414 1321 473 hie
1338 415 1570 494 fletibus
1610 412 1840 473 liberent
1878 415 2164 490 unquam!
2197 415 2291 476 his
2327 433 2427 478 me

275 503 279 510 ·
326 492 613 551 «οοιινίοἰίε
637 489 888 572 incessit.
966 492 1045 550 At
1069 493 1118 550 si
1143 493 1374 571 quando
1398 496 1652 572 aliquem
1690 492 1855 551 audit
1891 494 2084 552 dicere
2108 504 2425 568 venturum

331 570 615 640 Oresten,
662 573 793 629 t'um
833 572 1034 629 furore
1078 574 1300 647 percita
1343 573 1619 631 inclamat
1669 572 1901 630 adstans
1918 595 1935 630 ι
1991 572 2120 631 Non
2173 581 2236 633 tu
2285 576 2427 634 mihi
2455 581 2574 640 295

327 650 540 708 horum
580 669 749 708 causa
787 649 841 707 es
863 653 898 709 ,⁹
960 650 1157 708 Nonne
1196 657 1348 709 tuum
1390 653 1493 709 hoc
1530 659 1614 709 est
1634 651 1886 728 sactum,
1915 670 2036 727 quae
2071 655 2321 712 manibus
2361 672 2428 712 er
2468 673 2480 685 ·

331 732 479 787 mis
501 731 827 788 subductum
854 731 1081 786 Oresten
1106 730 1362 788 akndum
1401 732 1518 788 alio
1558 732 1703 789 clam
1732 733 1965 789 emisisti
1986 733 2021 789 9
2056 734 2152 790 sed
2188 736 2333 791 scito
2372 741 2428 792 te

327 810 543 883 dignas
583 810 777 867 horum
815 810 1079 866 daturam
1111 827 1318 885 poenns.
1395 809 1564 868 Talia
1601 810 1795 875 latrat,
1821 809 2103 888 illamque
2138 812 2313 870 simul
2352 813 2427 874 ad

323 890 415 946 &a
441 889 682 965 instigat
704 905 888 964 prope
911 888 1143 945 adstans
1171 888 1420 966 inclytus
1457 905 1723 966 sponsae,
1749 889 1846 946 ille
1883 905 2119 963 prorsus
2158 890 2426 959 imbellis,
2460 899 2583 954 300

327 983 512 1025 mera
550 968 653 1026 illa
691 984 865 1034 noxa,
908 970 1012 1045 qui
1050 967 1387 1026 mulieribus
1425 972 1671 1044 stipatus
1710 985 1940 1045 pugnas
1979 967 2115 1027 viris
2153 972 2424 1028 conserit.
2452 983 2455 986 ·

329 1045 479 1123 Ego
502 1061 641 1108 vero
664 1042 887 1105 Orestis
911 1046 1230 1105 adventum
1264 1063 1496 1122 semper
1534 1054 1885 1123 exspectans,
1914 1048 2006 1105 his
2042 1047 2223 1106 malis
2247 1047 2427 1107 finem

329 1126 447 1203 qui
469 1131 707 1192 statuat,
733 1125 945 1184 misera
967 1124 1199 1182 interibi
1219 1143 1420 1200 pereo:
1454 1124 1601 1184 dum
1626 1127 1787 1184 enim
1809 1124 1910 1183 ille
1935 1143 2165 1202 semper
2191 1128 2431 1188 molitur
2459 1119 2582 1188 3οὸ

325 1204 594 1281 aliquid,
624 1204 776 1263 nihil
811 1199 1010 1262 tamen
1048 1221 1415 1284 promovens,
1457 1211 1879 1282 praesentesque
1919 1205 2066 1263 mihi
2103 1213 2165 1263 et
2200 1205 2429 1264 futuras

271 1345 278 1350 ,
327 1297 475 1359 spes
497 1285 760 1364 corrupit
781 1281 1006 1341 omnes.
1134 1283 1318 1341 alibus
1343 1300 1488 1361 ergo
1518 1285 1589 1340 in·
1624 1285 1903 1342 aerumnis
1939 1276 2129 1361 neque
2166 1286 2430 1344 modeste

327 1377 541 1440 agere,
566 1363 788 1431 amieae,
816 1377 1006 1442 neque
1051 1377 1054 1378 ⁷
1090 1369 1311 1420 etatem
1333 1365 1524 1421 colere
1549 1362 1739 1421 facile.
1757 1371 1879 1433 est3
1922 1363 2025 1420 sed
2050 1364 2151 1441 qui
2174 1366 2237 1421 in
2263 1366 2431 1422 malis

323 1447 610 1500 versatur
625 1451 877 1518 semper,
899 1455 1128 1498 necesse
1152 1448 1241 1498 est
1265 1455 1499 1518 prorsus
1523 1442 1718 1500 studia
1734 1449 1802 1500 ut
1822 1450 2081 1500 sectetur
2095 1444 2432 1503 consimilia.
2477 1464 2482 1468 ·

421 1519 554 1580 CH.
586 1521 715 1602 Age
738 1521 852 1588 dic,
878 1521 1021 1579 dum
1047 1527 1114 1578 tu
1152 1520 1237 1579 ita
1273 1520 1579 1581 nobiscum
1615 1521 1889 1598 loqueris,
1931 1528 2093 1580 estne
2121 1521 2433 1599 AEgisthus
2464 1525 2589 1584 310

325 1589 527 1670 domi,
554 1616 632 1659 an
655 1600 812 1658 foras
834 1600 1018 1657 abiit?
1172 1619 1179 1642 ι
2518 1607 2545 1646 -·

371 1747 374 1754 ι
423 1676 550 1736 EL.
592 1678 757 1738 Abiit
780 1675 918 1737 sane
941 1702 959 1736 ι
1002 1696 1078 1736 ne
1101 1678 1319 1747 credas,
1346 1678 1407 1752 si,
1428 1678 1592 1738 domi
1629 1687 1800 1747 esset,
1825 1680 2053 1738 licuisse
2090 1680 2239 1740 mihi
2278 1682 2434 1742 fons

331 1756 597 1835 prodire.
679 1757 857 1816 Nunc
882 1775 1019 1815 vero
1042 1759 1169 1821 ruri
1194 1765 1299 1816 est.
2210 1785 2218 1794 -

423 1826 554 1895 CH.
593 1835 1000 1896 confidentius
1025 1851 1171 1915 ergo
1196 1841 1390 1895 tecum
1414 1852 1712 1895 sermones
1737 1837 2011 1906 miscebo,
2037 1838 2323 1918 siquidem
2349 1840 2441 1901 ita·
2465 1839 2586 1901 315

323 1914 571 1979 *factum
594 1924 700 1973 est.
2396 1939 2403 1948 ‘

425 1986 555 2052 EI..
599 1995 706 2058 Ille
729 1993 971 2073 quidem
993 1994 1188 2053 abestz
1229 1992 1474 2070 proinde
1479 2027 1498 2060 ‚·
1523 1994 1574 2051 si
1601 1992 1738 2071 quid
1764 1996 1867 2058 vis,
1893 1995 2197 2055 sciscitare.

426 2072 560 2133 CH.
597 2072 680 2132 Et
706 2075 964 2151 primum
988 2073 1224 2151 quidem
1251 2081 1310 2131 te
1337 2091 1502 2149 rogo,
1524 2072 1604 2136 de
1635 2072 1816 2130 fratre
1843 2073 1982 2151 quid
2020 2091 2250 2134 censes:
2292 2094 2461 2139 vens
2535 2071 2541 2077 ’

329 2152 592 2214 turusne
615 2161 722 2221 est,
751 2163 828 2211 an
851 2149 1161 2212 cunctatur
1184 2152 1412 2210 adhue?
1453 2151 1569 2209 h‘oc
1592 2153 1737 2207 scire
1761 2153 1952 2228 cupio.

385 2300 396 2308 .
422 2231 566 2292 EL„
591 2232 754 2290 Dicit
778 2232 1014 2311 quidem
1027 2255 1046 2303 3
1088 2231 1188 2288 sed
1214 2231 1379 2289 dictis
1403 2230 1559 2288 facta
1584 2245 1706 2287 non
1726 2231 2069 2308 suppetunt.
2390 2263 2397 2270 ·

425 2310 561 2369 cH.
602 2311 761 2389 Solet
784 2306 943 2369 enim
968 2312 1230 2369 cunctari
1254 2312 1504 2387 quirem
1529 2309 1775 2367 arduam
1800 2311 2059 2368 molitur.
2465 2314 2589 2371 320

429 2387 554 2450 m..
591 2390 778 2470 Atqui*
794 2405 910 2468 ego
934 2392 1124 2467 ipsum
1152 2407 1515 2468 nequaquam
1541 2397 1817 2447 cunctata
1841 2391 2077 2450 servavi.
2364 2411 2391 2418 ·’

311 2506 318 2511 -
424 2470 561 2529 CH.
600 2471 775 2529 Bono
817 2488 881 2530 es
928 2472 1129 2528 animo
1144 2493 1161 2526 z
1204 2485 1491 2551 generosa
1539 2477 1629 2525 est
1675 2469 1892 2537 indole,
1936 2469 2198 2550 adeoque
2236 2471 2435 2530 amieis

330 2551 837 2688 opffijelrg‘fore
857 2627 1124 2691 confido:
1170 2627 1387 2706 alioqui
1412 2643 1536 2685 non
1554 2626 1787 2686 tamdiu
1812 2628 2094 2687 vixissem.
2162 2652 2167 2659 ·
2302 2646 2313 2677 ι
2326 2652 2332 2663 ·
2345 2652 2394 2681 ιω
2504 2674 2512 2684 .

425 2704 560 2767 GH.
600 2708 697 2767 Ne
721 2708 865 2786 quid
887 2709 1137 2784 amplius
1159 2706 1374 2764 dixeris
1391 2730 1408 2764 ε
1452 2724 1592 2765 nam
1613 2707 1783 2764 video
1805 2725 1881 2765 ex
1903 2706 2123 2765 aedibus
2148 2711 2431 2773 tuamen·
2463 2707 2585 2765 325

329 2800 541 2845 rorem
565 2795 731 2863 patre
754 2787 961 2849 eodem
987 2793 1336 2864 prognatam
1369 2793 1432 2842 et
1469 2794 1659 2843 matre
1698 2786 1923 2854 eadem,
1963 2786 2434 2865 Chrysothemin,
2460 2818 2463 2819 ⁷

333 2865 582 2923 inferias
605 2867 913 2934 ferentem,
940 2867 1135 2945 quales
1159 2864 1360 2923 inferis
1382 2865 1512 2923 dari
1534 2864 1738 2924 solent.
1941 2915 1946 2919 .
2136 2870 2142 2877 '
2436 2888 2441 2891 ·

425 2944 720 3004 CHRYS.
761 2946 976 3011 Quem,
1005 2954 1075 3003 tu
1109 2961 1313 3002 rursus
1350 2950 1488 3002 ante
1525 2941 1797 3000 vestibuli
1833 2943 1986 3002 fores
2032 2958 2356 3025 progressa,
2395 2943 2435 3005 ὁ

335 3041 534 3090 soror,
558 3026 675 3082 cies
698 3025 1054 3083 clamoren?
1092 3042 1201 3082 nee
1223 3031 1284 3080 te
1321 3023 1569 3101 longum
1611 3028 1842 3099 tempus
1880 3023 2088 3084 docere
2130 3032 2340 3103 potest,
2365 3032 2436 3084 ut
2464 3021 2588 3085 330

338 3120 422 3162 ne
448 3104 552 3161 irae
574 3122 800 3162 vesanas
823 3105 1043 3164 frustra
1064 3104 1408 3180 indulgeas?
1476 3102 1628 3159 Sane
1666 3102 1897 3160 conscia
1930 3120 2064 3164 sum
2103 3107 2230 3182 ipsa
2266 3106 2433 3174 mihi,
2544 3110 2555 3117 '

341 3199 526 3260 quam
549 3182 779 3242 doleam
806 3185 1080 3260 praesenti
1104 3200 1306 3241 rerum
1331 3188 1664 3241 nostrarum
1687 3188 1877 3254 statu3
1921 3181 2072 3242 adeo
2094 3192 2184 3252 ut,
2211 3183 2261 3242 si
2282 3184 2436 3243 vires

337 3270 725 3337 suppeterent
746 3261 917 3329 mihi,
943 3261 1310 3320 ostenderem
1337 3278 1457 3340 quo
1480 3259 1591 3318 sim
1617 3278 1760 3339 erga
1795 3260 1927 3336 illos
1962 3266 2179 3324 animo,
2259 3262 2437 3322 Nunc
2464 3256 2587 3315 385

340 3357 488 3417 vero
511 3343 679 3403 malis
702 3344 1114 3421 circumventa,
1139 3341 1436 3400 subductis
1460 3340 1600 3397 velis
1625 3339 1898 3418 navigare
1926 3344 2260 3402 consultum
2298 3358 2437 3400 cen-

335 3436 481 3492 se03
526 3438 643 3480 nec·
659 3433 871 3498 putare
896 3439 993 3479 me
1018 3438 1305 3498 magnum
1330 3419 1470 3498 quid
1500 3419 1713 3487 facere,
1739 3436 1921 3500 quum
1960 3438 2036 3480 ne
2072 3421 2284 3481 laedam
2309 3421 2438 3498 qui·
2510 3467 2515 3472 .

335 3497 500 3558 dem.
555 3501 670 3559 Sed
694 3509 757 3558 et
780 3508 840 3559 te
864 3501 1073 3558 vellem
1095 3500 1253 3559 idem
1280 3516 1513 3578 quoque
1535 3497 1762 3571 facere3
1805 3500 2038 3558 tametsi
2054 3496 2288 3574 justum
2312 3516 2438 3559 non

340 3587 437 3637 est
462 3587 519 3637 te
542 3580 825 3659 itaagere
849 3588 921 3638 ut
946 3596 1060 3657 ego
1083 3570 1318 3646 suadeO,
1344 3579 1448 3637 sed
1470 3585 1540 3636 ut
1578 3579 1705 3653 ipsa
1740 3585 1969 3637 rectum
2006 3596 2129 3637 esse
2160 3574 2388 3652 judicas
2410 3601 2431 3651 ς

336 3661 621 3735 tamensi
642 3660 828 3720 libera
840 3659 1030 3717 debeo
1043 3658 1251 3722 vivere,
1271 3657 1708 3717 dominantibus
1726 3658 1969 3716 omnino
1987 3657 2311 3735 parendum
2329 3648 2436 3718 est.
2465 3651 2607 3709 340.

363 3755 369 3761 ·
422 3738 553 3796 EL.
592 3740 777 3818 Atqui
814 3739 1127 3816 indignum
1166 3745 1255 3795 est
1291 3749 1353 3794 te
1392 3753 1464 3794 eo
1501 3742 1853 3814 prognatam
1877 3743 2065 3813 patre,
2105 3733 2275 3811 cujus
2314 3737 2439 3797 filia

342 3836 427 3884 ee,
455 3817 615 3877 illius
640 3836 763 3876 esse
788 3817 1052 3884 oblitam,
1074 3818 1278 3875 matris
1301 3824 1501 3875 autem
1526 3832 1729 3883 curam
1753 3815 1985 3876 habere.
2031 3816 2250 3879 Omnia
2264 3816 2435 3876 'enitn

341 3904 455 3957 tua
476 3899 589 3955 ista
611 3898 784 3963 dicta,
811 3897 1018 3976 quibus
1047 3914 1142 3957 me
1179 3912 1537 3963 commones,
1563 3894 1672 3952 tibi
1709 3891 1785 3953 ab
1818 3896 1922 3955 illa
1956 3903 2238 3975 suggesta
2274 3902 2432 3962 sunt,

342 3993 457 4038 nec
481 3977 797 4058 quidquam
822 3995 898 4035 ex
922 3983 982 4033 te
1007 3977 1132 4054 ipsa
1154 3975 1314 4035 dicis.
1392 3975 1497 4033 Sin
1531 3981 1750 4040 autem,
1778 3973 1932 4053 elige
1969 3975 2181 4035 horum
2218 3975 2434 4035 alteru·
2463 3966 2583 4026 345

311 4078 320 4083 ’
341 4061 529 4124 trum,
556 4058 648 4114 vel
672 4064 740 4115 ut
764 4056 1025 4132 desipere
1050 4052 1321 4122 credaris,
1346 4055 1441 4112 vel
1462 4060 1622 4112 recte
1643 4053 1871 4131 sapiens
1896 4052 2113 4113 amicos
2137 4054 2400 4113 deserere
2413 4076 2430 4111 ε

344 4155 482 4215 quae
506 4136 688 4195 modo
711 4135 924 4203 aiebas,
945 4142 1023 4198 te,
1043 4137 1095 4210 si
1112 4141 1495 4211 suppeterent
1518 4133 1689 4201 vires,
1714 4141 1891 4192 tuum
1913 4152 2057 4211 erga
2078 4134 2207 4192 illos
2232 4132 2436 4192 odium
2480 4169 2484 4173 -

343 4222 714 4275 ostensuram
752 4233 908 4286 esse3
950 4214 1100 4272 mihi
1136 4231 1295 4281 ver0,
1336 4227 1524 4289 quum
1562 4212 1764 4273 omnia
1801 4215 2066 4290 experiar
2100 4220 2170 4270 ut
2204 4220 2437 4290 patrem

334 4295 601 4383 ulciscar,
628 4312 738 4355 nec
762 4302 824 4353 te
847 4294 1065 4354 sociam
1089 4292 1268 4358 addis,
1295 4294 1590 4370 etiamque
1614 4309 1692 4355 ne
1716 4292 1857 4372 quid
1894 4294 2187 4370 inceptem
2224 4291 2437 4353 dehor·
2467 4274 2593 4338 350
