3017 4900
682 274 838 342 swi.
1036 269 1041 282 ·
1426 229 1816 340 csmrus
1852 247 2095 335 ..Rex

779 440 1047 503 100.ss
1063 441 1231 504 urbis
1251 439 1431 517 hujus
1456 441 1769 520 principes,
1794 442 1860 501 in
1883 449 2150 501 mentem
2175 440 2323 501 mibi
2349 441 2511 503 venit
2535 440 2815 509 Deorum

699 522 862 582 adire
887 522 1129 599 templa,
1150 524 1400 616 sumptis
1426 521 1490 580 in
1510 540 1719 582 manus
1744 522 1904 588 hisce
1924 522 2265 581 velamentis
2283 529 2346 581 et
2369 525 2567 584 thure.
2607 526 2815 599 Νἰιιιῃ

699 604 860 663 enim
884 618 1179 679 suspenso
1204 602 1408 660 animo
1448 603 1820 696 quarumque
1857 616 2134 661 curarum
2173 608 2322 660 aestu
2359 604 2607 663 fluctuat
2631 606 2817 665 OEdi-

565 683 687 744 915
703 699 833 757 pus,
859 699 990 748 nec,
1018 691 1088 739 ut
1125 680 1433 739 cordatum
1460 680 1656 740 virum
1694 680 1883 747 decet,
1910 697 2065 740 nova
2102 700 2177 739 ex
2201 682 2491 742 veteribus
2529 685 2814 762 colligit5

683 760 804 818 sed
827 762 1004 819 cuivis
1027 778 1088 818 se
1115 760 1236 827 dat,
1257 761 1307 817 si
1334 759 1514 818 modo
1538 769 1790 818 terrores
1817 760 2069 832 nuntiet
2110 759 2366 824 Quando
2389 763 2576 839 igitur
2598 764 2818 821 admo-

701 840 899 898 nendo
924 840 1074 897 nihil
1099 855 1436 916 promoveo,
1462 838 1539 897 ad
1566 846 1648 905 te,
1668 838 1708 897 ὁ
1733 837 1923 914 Lycee
1947 839 2181 917 Apollo,
2211 840 2312 918 qui
2334 843 2638 917 proximus
2662 841 2817 900 aedi-

566 919 689 978 ew
703 918 810 977 bus
840 920 1050 977 nostris
1075 919 1306 987 accolis,
1330 917 1581 994 supplex
1605 917 1779 977 venio
1805 918 1965 975 hisee
1988 935 2127 977 cum
2161 920 2524 988 muneribus,
2548 927 2617 979 ut
2646 922 2819 998 piam

699 996 958 1076 aliquam
997 997 1354 1056 solutionem
1376 996 1483 1055 des
1506 996 1686 1055 mali.
1732 1014 1874 1055 nam
1911 1001 2217 1074 torpemus
2248 994 2376 1071 jam
2417 1016 2643 1067 omnes,
2670 1017 2821 1078 per-

550 1103 554 1114 *
592 1101 596 1110 ·
694 1076 933 1136 culm
953 1078 1122 1136 illum
1151 1083 1478 1142 cernentes,
1503 1081 1575 1133 ut
1599 1076 2061 1152 gubernatorem
2087 1077 2263 1136 navis.
2383 1095 2396 1106 ·
2829 1089 2840 1102 ⁸

565 1155 685 1216 925
783 1155 1042 1217 NUNT.
1083 1155 1252 1216 Num
1291 1174 1329 1213 a
1367 1155 1550 1222 vobis,
1572 1157 1851 1251 hospites,
1879 1151 2132 1214 discere
2128 1172 2359 1250 queam,
2386 1146 2490 1224 ubi
2527 1158 2686 1235 regis
2723 1158 2814 1218 sit

692 1233 887 1312 OEdip
887 1237 909 1294 i
931 1236 1177 1295 domus
1162 1237 1182 1277 ³
1262 1233 1430 1299 Quin
1454 1235 1664 1311 magis
1673 1236 1798 1311 ipse
1823 1234 1927 1292 ubi
1950 1236 2029 1292 sit
2054 1236 2251 1302 dicite,
2279 1235 2330 1292 si
2354 1236 2529 1294 scitis.

778 1314 914 1376 CH.
956 1314 1071 1374 11oe
1089 1321 1228 1373 sunt
1247 1312 1482 1392 quidem
1503 1314 1662 1372 illius
1686 1314 1861 1380 aedes,
1882 1313 1981 1372 et
1962 1332 2089 1391 ipse
2113 1315 2295 1382 intus,
2318 1314 2357 1372 ὁ
2381 1314 2624 1393 hospesx
2666 1332 2820 1375 mu·

695 1393 812 1452 lier
836 1400 1038 1454 autem
1062 1396 1256 1454 haecce
1247 1332 1605 1452 qliberorum
1629 1389 1759 1465 ejus
1786 1402 1994 1452 mater.

776 1461 1053 1532 NUNT.
1079 1474 1327 1532 Utinam
1351 1483 1413 1529 et
1436 1474 1563 1549 ipsa
1584 1472 1757 1531 beata
1789 1472 1887 1538 sit,
1916 1481 2140 1530 etcum
2179 1469 2365 1530 beatis
2405 1489 2588 1550 usque
2612 1490 2814 1532 verse-
2881 1513 2888 1520 -

560 1555 819 1619 motur,
845 1551 1002 1610 iuius
1012 1570 1209 1629 quum
1234 1552 1311 1610 sit
1335 1552 1596 1628 perfecta
1620 1548 1875 1634 conjux!
1983 1597 1990 1602 .

775 1629 940 1690 JOC.
982 1631 1150 1690 Idem
1188 1631 1299 1690 tibi
1338 1632 1669 1709 contingat,
1697 1625 1939 1724 hospes!
1985 1629 2199 1708 dignus
2238 1629 2400 1689 enim
2439 1648 2504 1688 es
2541 1631 2697 1691 bona
2721 1631 2809 1691 ob
2885 1671 2900 1682 .

698 1709 914 1767 verbex
961 1710 1064 1768 sed
1088 1710 1182 1767 dic
1208 1728 1324 1789 qua
1345 1711 1542 1788 gratia
1563 1710 1774 1768 xenisti
1798 1719 1861 1767 et
1886 1709 2029 1788 quid
2054 1709 2455 1768 nuntiaturus.

777 1787 1034 1847 NUNT.
1074 1787 1247 1848 Bona
1268 1790 1589 1868 domuique
1613 1800 1676 1846 et
1702 1789 1919 1847 marito
1944 1797 2071 1856 tuo,
2098 1786 2328 1845 mulier
2495 1853 2502 1862 ⁸

554 1870 680 1929 985
776 1866 944 1927 JOC.
985 1869 1277 1933 Quaenam
1303 1869 1406 1927 illa
1427 1869 1608 1927 sunt?
1651 1875 1714 1926 et
1736 1868 1898 1926 unde
1921 1866 2091 1926 nobis
2115 1866 2390 1925 advenis?

776 1944 1035 2006 NUNT.
1077 1946 1135 2005 E
1158 1949 1490 2014 Corintho·
1533 1947 1692 2025 quod
1718 1959 1920 2006 autem
1944 1947 2209 2006 dicturus
2247 1963 2401 2015 sum,
2423 1953 2663 2024 gratum
2687 1946 2809 2008 tibi

695 2025 828 2084 fore
850 2027 1099 2102 opinor·
1144 2027 1364 2165 quidnit
1376 2028 1571 2102 enim.
1557 2029 1577 2070 ³
1621 2034 1823 2086 tamen
1847 2035 1909 2085 et
1932 2026 2133 2091 forsan
2157 2024 2398 2092 dolebis
2777 2067 2785 2078 .

592 2149 603 2156 .
646 2139 657 2146 -
772 2105 938 2164 300.
976 2104 1136 2174 Quid
1161 2107 1251 2168 rei
1274 2126 1337 2166 es
1489 2125 1766 2165 namnam
1791 2106 1878 2164 sic
1899 2106 2193 2182 duplicem
2217 2105 2338 2162 vim
2362 2105 2626 2164 obtinet.
2612 2106 2633 2147 ³

559 2183 1045 2324 Bwfflggge
1072 2185 1304 2282 Regem
1328 2109 1615 2248 οιωῗιιιιιι
1639 2185 1930 2263 OEdipum
1968 2194 2141 2296 terrae
2174 2184 2437 2244 lsthmiae
2474 2185 2702 2253 incolae,
2729 2192 2812 2245 ut

769 2343 807 2401 J
812 2342 938 2402 00
981 2272 1162 2408 Qunild
1168 2361 1306 2403 vero
1333 2346 1353 2401 ?
1395 2359 1596 2403 annon
1607 2360 1795 2400 senex
1818 2341 2073 2419 Polybus
2098 2360 2287 2421 regno
2310 2321 2538 2438 potitur
2560 2342 2754 2402 adhuc
2769 2345 2797 2402 ἓ

520 2436 566 2501 ᾖ
629 2447 635 2453 ·
705 2419 1026 2562 ᾚΝΤ.
1066 2413 1210 2483 Non
1250 2417 1411 2492 sane',
1442 2419 1915 2504 quandoquidem
1953 2422 2127 2483 illum
2167 2440 2327 2483 mors
2366 2425 2432 2483 in
2466 2410 2808 2511 sepulcrum

558 2502 583 2560 Γ
687 2504 808 2563 eon
913 2504 958 2561 t
2447 2562 2454 2570 ,

575 2578 589 2599 ’
768 2578 937 2640 300.
976 2581 1138 2644 Quid
1163 2582 1402 2642 narras?
1446 2599 1528 2641 an
1550 2587 1822 2641 mortuus
1846 2588 1937 2638 est
1958 2582 2247 2660 Polybus.
2231 2584 2254 2626 ³

678 2680 707 2695 ··
734 2722 739 2727 ,
769 2660 1030 2719 NUNT.
1071 2662 1132 2723 Si
1158 2679 1281 2720 non
1305 2678 1444 2718 vera
1467 2661 1621 2728 dico,
1646 2661 1803 2719 mori
1827 2678 1951 2718 non
1974 2679 2199 2721 recmo.

538 2740 676 2801 <945
769 2739 934 2799 JOC.
964 2741 1239 2808 Famula,
1281 2740 1424 2818 quid
1463 2757 1650 2799 cessas
1693 2740 1957 2805 introire,
1999 2751 2065 2798 et
2102 2742 2230 2799 haec
2269 2759 2447 2836 quam
2488 2742 2800 2803 celerrime

686 2819 842 2878 hero
862 2816 1125 2878 dicere?
1177 2822 1235 2878 Ο
1259 2819 1525 2878 Deorum
1554 2820 1791 2878 oracula
1824 2821 1929 2878 ubi
1951 2820 2125 2878 estis.
2111 2822 2132 2862 ³
2175 2820 2334 2879 hunc
2360 2822 2555 2880 virum
2593 2840 2671 2880 ne
2696 2841 2801 2881 oc·-

685 2900 914 2958 cideret
938 2906 1208 2960 metuens
1234 2898 1378 2961 olim
1398 2899 1655 2974 OEdipus
1675 2919 1709 2957 e
1735 2900 1927 2975 patria
1948 2899 2245 2991 profugit:
2285 2907 2347 2958 et
2367 2917 2528 2961 nunc
2551 2902 2650 2960 ille
2666 2901 2799 2961 fato

689 2997 799 3039 suo
823 2980 1070 3046 interiit,
1097 2992 1206 3038 nec
1230 2978 1306 3037 ab
1330 2978 1558 3061 OEdipo
1584 2980 1848 3068 quinino.

549 3042 676 3118 950
766 3058 960 3117 OED.
999 3059 1057 3116 0
1085 3054 1456 3145 carissimum
1492 3055 1763 3139 conjugis
1804 3058 1843 3116 J
1844 3064 2056 3117 oeastae
2089 3063 2292 3135 caput,
2320 3010 2461 3138 quid
2499 3075 2597 3118 me
2634 3028 2798 3119 foras
2857 3113 2868 3121 .

594 3166 601 3175 -
676 3139 806 3196 huc
831 3139 1120 3197 evocasti.
1105 3140 1127 3181 ³

764 3219 803 3276 J
806 3219 930 3277 00
971 3218 1131 3276 Audi
1171 3218 1332 3279 hunc
1375 3217 1591 3285 virum,
1624 3222 1689 3273 et
1725 3232 1910 3294 quum
1953 3215 2234 3285 audieris,
2273 3216 2580 3283 considera
2615 3235 2800 3281 vene·

656 3298 870 3357 tanda
892 3315 1013 3377 quo
1037 3303 1337 3356 cesserunt
1358 3295 1477 3356 Dei
1503 3295 1757 3354 oracula.

760 3376 953 3435 OED.
992 3380 1076 3435 At
1099 3378 1197 3439 hic
1222 3377 1351 3456 quis
1376 3385 1464 3434 est
1487 3374 1763 3441 tandem
1749 3374 1769 3416 ³
1813 3382 1876 3431 et
1902 3372 2043 3450 quid
2067 3372 2239 3433 affert
2264 3374 2443 3432 mihi.
2429 3376 2451 3418 ³

534 3453 667 3510 955
764 3457 930 3519 300.
974 3454 1158 3515 Venit
1195 3476 1230 3516 e
1255 3456 1565 3522 Corintho,
1598 3460 1827 3530 patrem
1868 3460 2040 3512 tuum
2084 3454 2463 3515 nuntiaturus
2502 3470 2626 3515 non
2663 3473 2800 3517 am·

680 3535 837 3614 plius
864 3539 1055 3596 vivere
1081 3535 1389 3612 Polybum,
1414 3533 1523 3592 sed
1545 3539 1852 3591 mortuum
1874 3549 2017 3590 esse.

762 3615 953 3675 ΟΕΙ).
994 3615 1158 3680 Quid
1181 3616 1346 3681 dicis,
1374 3614 1628 3689 hospes?
1672 3618 1741 3668 tu
1765 3610 1894 3686 ipse
1919 3611 2070 3669 mihi
2093 3629 2222 3671 rem
2248 3611 2682 3691 significa..

759 3695 1020 3755 NUNT.
1066 3697 1128 3753 Si
1151 3696 1269 3775 hoc
1293 3694 1556 3770 primum
1594 3696 1830 3767 oportet
1853 3708 1951 3748 me
1969 3688 2206 3749 diserte
2243 3691 2460 3760 dicere,
2485 3709 2598 3770 pro
2619 3680 2792 3753 certo

656 3774 846 3843 scias,
872 3794 1013 3834 eum
1036 3776 1156 3833 vita
1177 3790 1319 3833 cum
1343 3770 1538 3832 morte
1562 3776 1929 3828 commutata
1950 3769 2026 3827 ad
2050 3771 2250 3846 plures
2275 3771 2502 3830 abiisse.

452 3910 467 3921 „
547 3848 667 3911 960
732 3816 952 3925 ΟΕΙ).
992 3855 1259 3924 Dolusne
1286 3868 1426 3909 eum
1450 3849 1710 3917 sustulit,
1736 3866 1816 3907 an
1838 3850 1906 3908 in
1931 3849 2212 3910 morbum
2235 3849 2482 3909 incidit.
2468 3853 2489 3893 ³

757 3918 1011 3994 NUNT.
1051 3932 1272 3992 Senilia
1276 3936 1549 4017 corpora
1569 3929 1697 3986 leve
1724 3935 2101 3994 momentum
2122 3937 2388 3988 sternere
2410 3930 2539 3988 leto
2560 3929 2738 3992 solet.

758 4014 949 4073 OED.
989 4012 1229 4077 Morbo,
1255 4003 1323 4069 ut
1344 4008 1598 4076 videtur,
1624 4007 1968 4085 absumptus
1991 4016 2082 4065 est
2106 4010 2305 4068 miser.
2495 4030 2501 4045 ¹

756 4091 1015 4155 NUNT.
1056 4091 1153 4150 lta
1188 4108 1351 4158 sane,
1377 4096 1441 4146 et
1477 4088 1684 4166 longo,
1710 4087 1871 4166 quod
1894 4087 2143 4147 vivendo
2181 4106 2456 4150 emensus
2494 4094 2607 4159 est,
2631 4095 2794 4150 tem·-

675 4190 946 4310 Ῑξω,ΟιέᾗῐεὶΙλ
985 4247 1138 4317 Vah,
1179 4245 1330 4343 vall!
1372 4247 1518 4331 quid
1555 4263 1722 4325 ergo,
1760 4263 1940 4314 uxor,
1964 4247 2236 4324 respiciat
2271 4247 2479 4327 aliquis
2517 4244 2791 4307 fatidicas

526 4322 660 4386 ωδ
675 4329 924 4427 Delphis
947 4346 1098 4441 aras,
1122 4336 1230 4391 aut
1251 4328 1319 4392 in
1340 4334 1480 4394 aere
1496 4327 1838 4411 clangentes
1861 4326 2050 4397 alites,
2076 4326 2286 4409 quibus
2303 4326 2641 4390 auctoribus
2666 4344 2790 4410 ego
