3017 4900
0 4000 8 4101 -.-—

1246 244 1524 354 Anax.
2107 265 2118 276 ·
2278 247 2431 317 ²209

295 405 645 481 ‘foi-tunam,
665 414 802 474 etesi
822 411 1216 490 jacuissemus
1250 416 1568 477 foedissima
1602 420 1828 477 moi-tea
1872 416 1996 495 ipse
2020 431 2160 474 vero
2184 414 2420 496 viveret.
2461 415 2617 475 1060

313 483 501 546 Nunc
527 500 748 561 autem,
770 504 999 556 mutata
1017 497 1159 563 vice,
1181 496 1345 555 Deus
1368 497 1429 553 in
1450 512 1636 571 pecua
1658 503 1718 553 et
1737 513 1948 573 greges
1966 491 2142 568 huius
2161 494 2423 551 furorem

292 561 555 627 ‘avertit
597 572 975 650 Quapropter
999 591 1177 632 nemo
1200 582 1290 632 est
1313 574 1461 633 adeo
1484 581 1713 649 potens,
1733 584 1803 631 ut
1827 575 2010 632 humo
2029 572 2244 631 condat
2268 571 2422 628 illius

306 642 597 706 &daven
627 652 758 708 sed·
792 653 953 709 flavae
998 670 1196 711 arenae
1238 652 1413 710 litore
1453 647 1770 727 projeetus,
1813 652 2012 709 avibus
2053 649 2291 709 marinis
2319 650 2421 708 fiet
2459 640 2610 705 1065

312 722 626 796 pabulum.
705 729 960 788 Proinde
979 749 1056 789 ne
1080 731 1362 805 superbos
1388 730 1563 787 nimis
1587 730 1728 788 tolle
1753 731 2006 806 spiritus.
2086 727 2244 786 Nam
2262 727 2314 784 si
2336 729 2420 784 vi-

194 877 210 889 x
306 807 554 859 ventem
580 822 946 881 compescere
973 826 1094 866 non
1116 810 1430 884 potuimus,
1453 809 1660 885 utique
1675 814 1912 866 mortuo
1929 807 2242 883 imperium
2268 806 2419 880 inhi-

313 874 610 948 bebimus,
638 887 864 946 etiamsi
890 885 1059 953 nolis,
1085 888 1142 943 vi
1165 891 1518 944 coercentes.
1583 886 1814 944 Nullibi
1835 886 1994 943 enim
2021 884 2189 943 dictis
2213 885 2419 959 parere
2458 882 2613 942 1070

293 954 482 1013 vivus
505 976 765 1037 unquam
792 963 980 1022 voluit
1004 965 1166 1022 meis.
1245 964 1620 1041 Quamquam
1647 962 1794 1022 illud
1818 963 2001 1021 animi
2030 971 2119 1021 est
2143 961 2416 1037 improbi,

307 1049 502 1109 quum
529 1038 709 1100 homo
745 1043 1003 1117 privatus
1035 1043 1185 1100 nihil
1212 1059 1275 1100 se
1299 1042 1731 1119 magistratibus
1757 1041 1994 1100 obedire
2020 1057 2254 1117 aequum
2278 1057 2415 1097 cen-

301 1117 424 1170 set.
469 1110 647 1174 Haud
662 1121 819 1177 enim
840 1137 1100 1197 unquam
1119 1121 1180 1177 in
1195 1119 1598 1197 civitateleges
1620 1119 1867 1194 pulchre
1882 1126 2204 1185 serventur,
2223 1118 2417 1176 soluto

306 1191 483 1249 metu
494 1216 511 1262 3
543 1211 730 1273 neque
749 1199 1037 1255 exereitus
1047 1195 1211 1270 jussa
1229 1198 1445 1258 ducum
1466 1196 1728 1256 modeste
1740 1204 2018 1274 capessat,
2038 1198 2203 1254 omni
2217 1205 2414 1255 metus
2453 1194 2606 1255 1075

305 1275 375 1323 et
405 1270 657 1344 pudoris·
674 1274 840 1332 obice
863 1284 1082 1334 amoto.
1132 1276 1247 1333 Sed
1271 1276 1531 1354 cogitare
1557 1281 1790 1351 oportet
1816 1276 2026 1342 virum,
2052 1292 2134 1342 se,
2154 1276 2413 1352 quamvis

306 1357 552 1420 praestet
576 1368 793 1428 magna
818 1355 973 1428 mole
997 1355 1276 1430 corporis,
1303 1371 1482 1429 parvo
1505 1363 1708 1411 tamen
1726 1372 1765 1413 a
1785 1353 1944 1415 malo
1960 1369 2131 1428 posse
2148 1352 2413 1428 praeeipi-

302 1429 437 1481 tem
460 1425 602 1486 dari.
645 1431 884 1508 Quippe
901 1433 999 1489 cui
1013 1435 1205 1497 ,timor
1224 1432 1408 1510 adest,
1430 1431 1736 1509 pudorque
1752 1432 1948 1496 simul,
1967 1432 2126 1489 hunc
2142 1431 2412 1506 sospitari
2450 1426 2610 1481 1080

306 1502 492 1560 scito:
535 1512 596 1563 at
620 1507 805 1566 sicubi
827 1510 1019 1567 omnis
1041 1504 1276 1584 injuriae
1313 1510 1589 1586 praevalet
1614 1510 1874 1576 lieentia,
1899 1511 2053 1568 hane
2077 1508 2251 1567 crede
2271 1509 2411 1565 civi-

304 1587 500 1639 tatem
544 1586 694 1644 olim‘
726 1587 969 1663 tandem
1004 1604 1183 1647 cursu
1221 1605 1258 1645 e
1294 1587 1553 1645 seeundo
1594 1606 1830 1664 pessum
1861 1588 2152 1646 ruituram
2188 1593 2409 1645 tamen.

299 1659 564 1740 Constet
601 1665 799 1742 itaque
818 1687 825 1693 ·
841 1665 988 1723 mihi
1023 1661 1220 1740 justus
1255 1665 1486 1725 timoris
1518 1665 1765 1738 modus3
1807 1682 1997 1743 neque
2020 1671 2314 1742 putemus,
2339 1665 2409 1730 si,
2448 1661 2600 1715 1085

301 1753 449 1813 quae
462 1735 694 1812 juvent,
718 1739 1051 1812 fecerimus,
1077 1760 1185 1803 nos
1223 1759 1346 1801 non
1386 1744 1655 1813 vicissim,
1684 1761 1814 1822 quae
1849 1743 2106 1806 doleant,
2142 1760 2411 1818 passuros

295 1821 454 1873 we.
519 1817 747 1877 Mutuis
774 1822 885 1879 ista
908 1821 1128 1880 vicibus
1151 1821 1268 1880 alte
1448 1863 1464 1880 .
1529 1820 1678 1880 Erat
1703 1821 1801 1881 hic
1824 1822 1913 1884 vir
1936 1828 2113 1881 antea
2133 1821 2406 1882 fervidus,

295 1888 595 1965 injuriusz
638 1913 799 1956 nune
823 1916 938 1976 ego
962 1900 1209 1958 vicissim
1234 1917 1410 1975 super
1447 1901 1539 1970 io;
1585 1900 1695 1956 tibi
1776 1917 1813 1956 e
1845 1899 2100 1976 praedico
2136 1899 2296 1965 hunc
2332 1915 2409 1967 ne

297 1973 526 2031 condas
547 1978 840 2052 sepulcro,
867 1993 944 2035 ne
969 1978 1142 2037 illum
1165 1978 1412 2054 sepelire
1435 1976 1583 2037 dum
1605 1984 1705 2037 stu
1745 1995 1827 2046 es,
1852 1978 1976 2055 ipse
1994 1976 2408 2066 inxsepulcrum
2447 1975 2602 2038 1090

243 2125 262 2142 ἱ
301 2050 484 2109 oedas

384 2128 524 2196 CH·
562 2131 857 2204 Menelae,
881 2152 960 2194 ne
983 2137 1118 2214 post
1144 2134 1303 2196 edita
1332 2134 1630 2211 sapienter
1645 2138 1757 2191 -tot
1792 2129 1984 2199 effata,
2010 2131 2134 2208 ipse
2159 2131 2226 2191 in
2247 2136 2430 2192 mor·'

297 2212 445 2266 tuos
469 2206 724 2280 injurius
749 2211 872 2273 fias.
1259 2235 1260 2238 ’
1297 2261 1302 2264 v

290 2298 298 2304 ·
375 2286 620 2347 TEUC.
660 2288 843 2349 Haud
852 2292 1139 2370 equidem
1163 2292 1433 2369 amplius,
1460 2290 1499 2351 ὁ
1524 2292 1653 2360 viri,
1678 2288 2010 2350 demirabor
2035 2305 2273 2365 peecare
2295 2288 2405 2346 ho·

301 2365 537 2426 minem
561 2375 698 2425 ortu
722 2367 1067 2446 ignobilem,
1094 2389 1277 2450 quum
1303 2373 1411 2450 qui
1443 2371 1719 2429 videntur
1754 2385 2041 2449 generosa
2062 2368 2244 2443 stirpe
2269 2384 2404 2442 pro-
2442 2367 2595 2433 1095
2699 2409 2706 2422 .

292 2442 500 2520 gnati,
523 2451 648 2505 tam
672 2449 867 2506 stultis
884 2451 1253 2510 'sermonibus
1274 2451 1535 2528 graviter
1557 2460 1799 2526 peccant
1823 2447 1986 2514 adeo.
2203 2453 2404 2523 repete

293 2521 380 2580 ab
406 2522 597 2582 initio.
637 2524 807 2585 Num
831 2534 902 2584 tu
919 2530 1006 2586 ais
1025 2531 1186 2589 hunc
1208 2531 1401 2588 virum
1424 2529 1656 2587 Achivis
1673 2529 1898 2586 socium
1924 2528 2040 2584 huc
2139 2525 2400 2583 duxisse?

173 2677 179 2680 Β
291 2598 450 2658 'Non
486 2603 610 2679 ipse
636 2621 744 2662 sua
784 2614 996 2681 sponte
1032 2608 1380 2685 enavigavit,
1404 2615 1477 2667 ut
1500 2608 1592 2665 sui
1608 2603 1799 2681 juris?
1846 2605 2103 2664 Ubinam
2128 2610 2196 2661 tu
2217 2602 2402 2678 impe-
2440 2602 2609 2658 1100*
2728 2662 2733 2665 ,

296 2686 473 2743 tator
494 2677 625 2753 ejus
642 2682 843 2743 fuisti?
870 2684 1114 2743 ubinam
1136 2687 1246 2743 tibi
1264 2687 1428 2744 licuit
1446 2686 1629 2761 copiis
1654 2701 1916 2761 praeesse,
1937 2701 2078 2761 quas
2098 2682 2196 2739 ille
2217 2682 2406 2759 patria

298 2756 549 2816 eduxit?
582 2761 806 2836 Spartae
822 2780 927 2821 rex
945 2765 1172 2826 venisti,
1195 2767 1535 2842 neutiquam
1555 2766 1621 2821 in
1639 2781 1746 2820 nos
1764 2763 2079 2838 imperium
2095 2760 2364 2817 obtinens
2382 2782 2398 2817 z

289 2851 768 2974 ffififflff
794 2836 2402 2994 Ρῶᾋῖἰῗοῗῗῶἶῑῐᾛέἓῗῖιῖἒῗὲἓεῃιὲξξηῗρωεωδώῶ·
2440 2836 2593 2915 ¹³⁰⁵

296 3009 586 3069 unquam.
666 2938 1015 3074 Segpquibu’s
1047 2980 1319 3075 impexae,
1349 2961 1593 3074 impera’,
1620 3005 1682 3059 et
1706 3014 1806 3056 eos
1829 2937 2040 3061 sefferis
2065 2991 2402 3066 hujusmodi

298 3069 479 3138 dietis
500 3073 770 3150 increpa:
799 3076 960 3133 hunc
982 3093 1142 3140 vero,
1165 3077 1288 3135 sive
1309 3081 1381 3136 tu
1403 3075 1581 3142 v'etes,
1603 3076 1723 3141 sive
1746 3075 1869 3133 dux
1892 3073 1990 3131 ille
2012 3072 2180 3140 alter,
2205 3073 2319 3129 rite
2339 3078 2402 3128 et

295 3156 374 3207 1¹t
400 3149 485 3207 fis
509 3156 620 3216 est,
645 3153 895 3211 condam
920 3170 1034 3230 ego
1055 3154 1346 3235 sepulcro,
1372 3155 1562 3231 minas
1585 3153 1743 3211 haud
1766 3153 1983 3214 veritus
2008 3159 2157 3218 tuas.
2233 3149 2400 3208 Neu·
2434 3146 2593 3208 luo
2686 3190 2703 3221 A,

291 3228 529 3304 tiquam
553 3230 714 3287 enim
739 3238 860 3290 tuae
882 3229 1155 3310 conjugis
1178 3250 1327 3310 ergo
1349 3233 1640 3299 militavit,
1664 3240 1738 3290 ut
1757 3233 1857 3309 qui
1881 3230 2069 3289 labori
2096 3241 2398 3304 parcentes

291 3305 453 3369 nulli
476 3316 707 3369 merent
730 3310 1042 3386 stipendia,
1066 3311 1170 3369 sed
1187 3307 1573 3384 jurisjurandi
1596 3328 1759 3388 ergo,
1782 3327 1901 3386 quo
1920 3315 2049 3379 erat
2065 3308 2396 3374 obstrictus,

292 3392 410 3442 tua
433 3400 571 3442 vero
593 3388 789 3463 gratia
809 3405 1200 3467 nequaquam·
1277 3387 1470 3447 Nihili
1494 3390 1656 3448 enim
1680 3387 1992 3467 pendebat,
2017 3385 2070 3444 si
2086 3386 2217 3464 quis
2241 3393 2396 3473 esset

288 3461 519 3522 nullius
540 3465 716 3540 pretii
733 3466 933 3525 homo.
973 3467 1228 3525 Proinde
1246 3467 1533 3542 plurimos
1551 3474 1748 3525 tecum
1766 3465 2061 3535 adducens
2078 3479 2391 3538 praecones,
2431 3461 2584 3527 1115

288 3542 615 3621 ipsumque
632 3544 1066 3621 imperatorem,
1091 3546 1209 3604 huc
1226 3547 1402 3615 veni:
1430 3553 1597 3604 tuam
1621 3561 1760 3619 raro
1784 3540 2279 3621 vaniloquentiam
2302 3542 2425 3625 αἰχ

293 3618 390 3680 hil
414 3622 638 3687 moror,
663 3622 946 3699 quamdiu
967 3641 1031 3680 es
1055 3624 1106 3681 is
1130 3622 1231 3702 qui
1254 3641 1335 3682 es.

378 3696 509 3756 GH.
548 3697 681 3757 Nec
716 3719 919 3760 rursus
959 3701 1166 3780 probo,
1189 3701 1238 3758 si
1264 3700 1395 3779 quis
1433 3701 1499 3759 in
1538 3700 1763 3769 afflictis
1803 3697 1980 3758 rebus
2016 3697 2162 3757 tales
2196 3695 2401 3759 fundit

223 3756 240 3769 Ι
287 3790 629 3836 sermones:
674 3778 824 3837 dura
844 3780 1027 3847 enim,
1046 3779 1370 3857 quamlibet
1392 3797 1463 3837 ea
1476 3776 1642 3852 justa
1661 3779 1803 3849 sint,
1827 3775 2120 3837 mordent.

295 3872 308 3878 ·
374 3853 586 3913 MEN.¹
623 3855 974 3934 Sagittarius
997 3859 1095 3916 hic
1117 3875 1241 3916 non
1262 3854 1509 3917 humilia
1532 3857 1765 3915 videtur
1784 3857 2020 3914 sentire.
2430 3851 2615 3927 1120.

374 3931 618 4003 (Hauc.
657 3935 894 4013 Nempe
916 3936 1077 3994 haud
1098 3936 1394 3995 sordidam
1414 3942 1605 3995 artem
1630 3951 1892 3993 exemeo.
2158 3938 2165 3945 ’

374 4008 585 4070 ΜΕΝ.
609 4011 792 4072 'Altos
814 4032 1075 4073 sumeres
1098 4014 1355 4092 spiritus,
1380 4014 1431 4071 si
1454 4013 1567 4072 tibi
1586 4016 1820 4071 scutum
1841 4012 2045 4071 liceret
2066 4011 2237 4071 ferre.

374 4088 619 4149 TEUC.
656 4091 869 4166 Nudus
892 4092 1071 4151 etiam
1093 4091 1420 4151 suffecerim
1442 4098 1675 4151 armato
1696 4089 1824 4149 tibi.
1998 4110 2023 4117 -

376 4165 585 4226 ΜΕΝ.
622 4168 861 4247 Lingua
881 4179 993 4229 tua
1017 4173 1246 4230 animos
1267 4178 1427 4228 certe
1447 4186 1697 4246 magnos
1716 4169 1844 4226 alit.
2038 4214 2045 4217 v
2313 4172 2329 4179 ”

303 4262 342 4277 ··
369 4243 614 4310 ΤΕΠΟ.
656 4249 811 4308 Cum
825 4245 1062 4325 justitia
1080 4249 1248 4310 enim
1267 4247 1476 4308 tollere
1498 4249 1727 4309 animos
1747 4247 1902 4321 licet,
2429 4241 2583 4333 1125

473 4344 645 4401 roz..
676 4345 767 4409 u.
1307 4337 1372 4405 ,Β
1404 4345 1450 4408 15
2030 4348 2035 4355 ·

563 4393 596 4437 s,
1303 4408 1312 4414 ,
1341 4401 1354 4410 .
