3017 4900
1011 264 1393 358 OEmrus
1441 263 1668 366 REJg.
2070 250 2077 258 ’
2143 223 2151 228 ’
2223 361 2232 370 ,
2301 283 2380 354 91

366 437 498 497 CR.
545 436 676 498 Hac
697 441 822 518 ipsa
842 440 911 498 in
937 440 1083 502 urbe
1105 442 1272 503 dixit.
1348 443 1526 507 Quod
1550 441 1853 523 quaeritur,
1881 442 1942 504 id
1967 446 2228 508 invenire
2253 456 2374 510 est:
2400 452 2515 510 110

283 526 355 575 at
376 517 603 595 effugit,
633 520 786 597 quod
816 519 1150 597 negligitur.
2273 533 2276 538 ’

366 595 558 655 OED.
600 598 714 656 Sed
739 600 838 656 dic
857 601 1022 664 mihi,
1050 608 1247 660 utrum
1274 602 1340 666 in
1362 600 1527 669 urbe,
1546 619 1624 659 an
1639 603 1780 667 ruri,
1807 620 1886 660 an
1911 622 2049 662 vero
2068 611 2379 686 peregrina
2447 609 2454 618 '

292 675 354 732 in
379 676 621 751 regione
646 677 825 735 Laius
846 680 1192 737 interfectus
1215 682 1410 738 fuerit.
2135 731 2140 742 .

366 754 492 811 CR.
536 756 857 824 Profectus,
886 759 957 815 ad
984 752 1402 831 consulendum
1444 760 1767 828 oraculum,
1794 769 1862 819 ut
1896 762 2107 831 aiebat,
2133 762 2375 825 domum
2397 764 2507 820 115

281 834 538 907 'amplius
565 853 687 892 non
711 837 906 903 rediit,
932 856 1003 895 ex
1031 856 1148 915 quo
1172 839 1314 896 abiit
1337 837 1537 896 semel.

362 912 552 969 OED.
592 914 721 972 Nec
766 918 1007 974 nuntius
1058 919 1363 994 quispiam,
1406 935 1517 973 nec
1560 935 1755 976 comes
1794 918 2016 978 itineris
2054 925 2374 998 conspexit,

284 990 439 1050 unde
466 992 675 1069 aliquis
700 1011 846 1058 rem,
875 996 961 1052 uti
987 1008 1154 1071 gesta
1179 1005 1287 1063 est,
1315 998 1494 1072 possit
1519 999 1857 1075 exquirere?
2407 1000 2421 1009 ’

362 1069 491 1127 CR.
531 1071 765 1130 Periere
805 1091 1007 1131 omnes
1041 1083 1253 1150 praeter
1278 1093 1485 1142 unum,
1514 1077 1708 1133 nescio
1733 1095 1929 1154 quem,
1955 1078 2053 1154 qui
2080 1087 2244 1137 metu
2269 1099 2374 1142 au·

281 1146 456 1224 fugit,
488 1168 731 1227 quaeque
757 1152 918 1232 yidit,
943 1171 1153 1211 eorum
1176 1154 1326 1211 nihil
1351 1155 1462 1216 nisi
1485 1173 1673 1212 unum
1699 1155 2150 1233 referrepotuit.

361 1228 553 1285 OED.
594 1230 890 1291 Quidnam
916 1232 976 1290 id
1001 1235 1131 1289 est?
1212 1233 1310 1292 Ex
1333 1251 1456 1291 uno
1480 1233 1641 1293 enim
1667 1235 1854 1293 multa
1879 1236 2215 1314 investigari
2239 1256 2369 1314 pos-
2394 1239 2509 1315 120

226 1345 235 1360 .
278 1306 413 1373 sint,
441 1308 491 1363 si
520 1326 766 1382 parvum
792 1311 1033 1370 initium
1059 1311 1183 1386 spei
1208 1313 1524 1388 capiamus,
1927 1355 1938 1366 .

354 1386 482 1443 CR.
523 1387 856 1448 Latronum
881 1393 964 1448 ait
991 1393 1304 1450 occurrisse
1331 1391 1580 1451 validam
1619 1409 1883 1458 manum,
1909 1392 2236 1472 horumque
2259 1412 2370 1453 nu·

281 1482 448 1526 mero
474 1484 815 1543 oppressum
841 1471 1097 1544 periisse.

355 1543 547 1609 OED..
576 1546 688 1604 Sed
711 1548 880 1615 latro,
904 1549 1016 1605 nisi
1041 1548 1239 1606 oblato
1264 1548 1338 1606 ab
1362 1548 1558 1627 aliquo
1569 1548 1697 1606 cive
1718 1551 1961 1626 praemio
1979 1550 2252 1613 incitatus
2275 1552 2370 1611 fu-

276 1622 432 1688 isset.
458 1624 567 1702 qui
593 1643 665 1682 eo
690 1629 1055 1701 processisset
1080 1627 1335 1686 audaciae
1361 1628 1381 1683 ?
1721 1687 1728 1692 ,
1864 1685 1872 1696 ,
2079 1651 2082 1656 ·
2355 1644 2362 1649 ·

349 1702 484 1762 CR.
524 1704 619 1761 Sic
644 1710 770 1763 erat
794 1708 1044 1782 suspicio
1065 1730 1081 1762 z
1124 1705 1224 1763 sed
1249 1705 1399 1764 Laio
1427 1707 1690 1768 extincto
1728 1706 1923 1770 nullus
1949 1709 2012 1765 in
2049 1709 2217 1768 malis
2242 1710 2368 1769 vin·

281 1780 393 1839 dex
417 1791 658 1846 exortus
684 1791 789 1840 est.
1716 1777 1722 1796 ¹
2120 1839 2124 1846 .

279 1938 296 1953 ·
354 1861 545 1919 OED.
584 1862 743 1979 Quid
779 1880 918 1921 vero
954 1864 1096 1923 mali
1134 1863 1380 1933 obstitit,
1406 1883 1549 1943 rege
1587 1865 2070 1944 sicsinterempto,
2098 1861 2368 1926 ne'fieret

277 1941 576 2017 inquisitio
599 1986 612 1998 .
2103 1979 2107 1984 -

349 2019 477 2077 CR.
518 2020 804 2095 Perplexa
826 2027 983 2079 rates
1009 2021 1251 2099 Sphinx,
1279 2041 1410 2100 quae
1428 2029 1572 2086 ante
1599 2021 1771 2099 pedes
1792 2030 1987 2091 erant,
2013 2024 2237 2082 omissis
2270 2023 2363 2082 in·
2385 2029 2501 2086 130

279 2100 468 2162 certis,
497 2099 783 2175 dispicere
810 2117 915 2156 nos
940 2100 1156 2177 adegit.
2485 2153 2510 2166 .,

343 2178 535 2236 OED.
576 2180 656 2237 At
676 2179 749 2236 ab
769 2179 937 2238 initio
960 2181 1084 2241 haec
1108 2189 1225 2257 ego
1249 2181 1499 2257 repetita
1526 2171 1818 2254 proferam
1833 2180 1896 2236 in
1913 2180 2124 2244 iucem.
2164 2175 2365 2259 Dig'ne
2393 2191 2400 2202 ·
2485 2191 2490 2196 ’

274 2259 431 2315 enim
472 2259 703 2333 Apollo,
729 2259 911 2334 digne
949 2258 1137 2318 etiam
1166 2268 1232 2317 tu
1272 2277 1380 2336 pro
1405 2268 1642 2317 mortuo
1667 2276 1811 2334 rege
1838 2276 2039 2316 curam
2065 2260 2215 2317 hanc
2239 2279 2364 2319 sus-

269 2337 519 2412 cepistis.
587 2337 877 2400 Quocirca
906 2356 1002 2400 me
1030 2356 1259 2416 quoque
1283 2335 1617 2410 adjutorem
1637 2332 1864 2409 justum
1891 2337 2174 2401 videbitis,
2202 2340 2361 2398 urbis
2383 2339 2502 2404 135,

270 2412 470 2493 hujus,
488 2417 789 2495 divinique
813 2417 988 2475 simul
1013 2418 1235 2481 oraculi
1249 2417 1776 2497 propugnatorem.
1819 2416 1962 2476 Non
1988 2418 2145 2475 enim
2172 2435 2361 2476 remo-

196 2524 208 2541 ·
268 2496 489 2562 tiorum
513 2498 838 2563 amicorum
863 2498 1074 2571 gratia,
1100 2497 1203 2558 sed
1237 2507 1469 2573 meapte
1506 2515 1681 2558 causa
1714 2497 1824 2571 hoc
1851 2497 2132 2554 amovebo
2157 2498 2382 2565 sceluS„

268 2574 619 2653 Quicunque
659 2577 819 2644 enim
860 2577 1028 2634 illum
1068 2576 1299 2643 occidit,
1325 2576 1571 2641 forsitan
1598 2577 1644 2633 is
1671 2575 1873 2636 eadem
1912 2575 2152 2633 audacia
2177 2576 2240 2632 in
2264 2594 2359 2633 me
2380 2564 2498 2634 ub

267 2666 646 2731 grassaretur.
725 2654 822 2711 Illi
868 2672 1012 2732 ergo
1061 2655 1205 2725 dum
1256 2655 1536 2730 opitulor,
1584 2655 1731 2717 mihi
1783 2654 1894 2730 ipsi
1945 2672 2201 2731 prosum.
2248 2661 2255 2670 ’
2280 2656 2361 2713 At

271 2751 445 2810 quam
485 2734 788 2792 celerrime
814 2752 914 2790 vos
940 2733 1172 2811 quidem
1208 2736 1374 2810 pueri
1398 2752 1431 2790 e
1453 2734 1684 2792 sedibus
1721 2735 1964 2810 surgite,
1990 2733 2230 2795 sublatis
2269 2735 2362 2791 his

269 2813 622 2888 supplicibus
648 2814 862 2871 ramis-2
902 2812 1112 2871 Cadmi
1136 2831 1274 2870 vero
1298 2813 1579 2889 populum
1606 2814 1722 2870 huc
1747 2813 1811 2869 in
1829 2812 2167 2871 concionem
2197 2821 2361 2870 vocet

268 2891 492 2969 aliquis.
570 2892 804 2968 Quippe
844 2893 1045 2956 omnia
1074 2893 1378 2970 aperiam
1419 2891 1555 2953 Deo
1579 2891 1738 2949 enim
1777 2892 2007 2968 auspice
2034 2901 2137 2949 aut
2161 2891 2358 2949 felices
2381 2891 2494 2947 145

267 2971 505 3034 erimus,
529 2982 632 3029 aut
656 2986 889 3047 pessum
912 2971 1142 3035 ibimus.

343 3050 507 3108 SAC.
544 3049 888 3127 surgamus,
915 3049 954 3108 ὁ
977 3049 1173 3126 pueri:
1217 3049 1433 3107 horum
1464 3049 1686 3107 etenim
1723 3044 1897 3107 „causa
1929 3049 2046 3106 huc
2071 3049 2356 3116 venimus,

268 3146 398 3206 quae
425 3129 740 3187 hic‘edicit.
817 3129 937 3191 Qui
962 3146 1099 3189 vero
1123 3129 1229 3186 has
1252 3137 1437 3191 sortes
1463 3129 1623 3212 misit
1643 3128 1875 3204 Apollo,
1901 3127 2077 3186 simul
2098 3126 2357 3189 servator
2377 3128 2493 3186 150

2388 1632 2499 1689 125

52 3172 55 3257 l
132 3238 140 3250 ·
232 3238 242 3251 =
268 3208 434 3265 nobis
460 3207 631 3275 adsit,
657 3207 1048 3285 morbumque
1073 3207 1344 3283 depellat.

340 3285 473 3345 CH.
515 3288 573 3344 O
597 3287 637 3347 J
639 3288 758 3351 ovis
780 3286 1082 3349 dulcisona
1113 3284 1315 3353 dictio,
1343 3286 1527 3364 qualis
1557 3285 1812 3347 tandem·
1835 3286 2125 3362 opulentis
2150 3303 2186 3344 a
2207 3284 2352 3343 Del-

244 3366 393 3441 ·phis
418 3365 646 3423 nobiles
669 3365 865 3426 adiisti
887 3365 1161 3428 Thebas?
1206 3364 1518 3422 Distrahor
1541 3366 1742 3422 animo
1766 3363 2015 3441 trepide,
2042 3371 2206 3422 metu
2230 3365 2354 3440 pal-

262 3446 477 3533 pitans,
509 3444 788 3517 (Mediae,
812 3443 1005 3511 Delie,
1042 3442 1284 3517 Paeanl)
1328 3445 1483 3506 circa
1521 3451 1581 3500 te
1621 3445 1854 3512 veritus,
1895 3443 2036 3521 quid
2075 3443 2223 3499 mihi
2261 3442 2353 3500 vel
2371 3440 2486 3515 155

256 3543 403 3596 jam,
450 3524 546 3581 vel
586 3523 947 3586 volventibus
986 3539 1190 3595 rursus
1233 3524 1374 3581 anni
1424 3523 1886 3598 tempestatibuS,
1929 3521 2199 3589 conficies
2241 3522 2351 3581 rei.

261 3602 376 3660 Dic
399 3603 553 3661 mihi
574 3620 753 3667 aurea
791 3602 927 3678 Spei
965 3602 1294 3680 progenies,
1321 3601 1501 3659 Fama
1540 3602 1902 3659 immortalis.
1981 3600 2133 3663 Filia
2167 3600 2208 3657 J
2208 3601 2348 3668 ovis,

259 3682 611 3740 immortalis
648 3682 937 3747 Minerva,
964 3682 1213 3756 primam
1251 3686 1312 3737 te
1350 3681 1644 3738 invocanti
1681 3698 1818 3737 cum
1839 3679 2129 3753 gterricola
2151 3697 2349 3738 sorore
2371 3681 2486 3753 160
2575 3716 2587 3730 .

258 3758 472 3827 Diana,
501 3779 632 3837 quae
655 3762 719 3817 in
743 3759 858 3818 fori
884 3760 1111 3818 ambitu
1135 3760 1394 3836 glorioso
1431 3759 1644 3816 insidet
1684 3761 1919 3824 thron0‚
1946 3764 2006 3815 et
2032 3759 2238 3833 procul
2256 3755 2349 3829 ja·
2459 3772 2464 3777 ·

257 3840 495 3898 culante
532 3839 777 3904 Phoebo,
804 3839 957 3895 eheu
983 3839 998 3895 !
1044 3847 1163 3897 tres
1187 3855 1313 3897 vos-
1325 3837 1521 3897 adeste
1558 3839 1723 3905 mihi,
1750 3838 2042 3897 malorum
2081 3836 2350 3914 depulso-

257 3935 366 3982 res.
446 3917 936 3995 Quandoquidem
981 3926 1202 3976 exortae
1242 3918 1404 3993 prius
1427 3917 1490 3974 in
1515 3916 1661 3975 urbe
1699 3917 2041 3980 calamitatis
2074 3917 2347 3974 extermi-
2369 3917 2481 3977 165
2529 3960 2535 3966 .

259 3998 438 4065 nastis
463 3999 712 4056 noxium
734 3996 1093 4065 incendium,
1119 4014 1276 4054 nunc
1300 4013 1530 4073 quoque
1555 3996 1848 4072 suppetias
1872 3996 2080 4052 venite.
2137 3984 2342 4052 Eheu'!

204 4133 213 4141 ,
256 4073 452 4135 Eheu!
497 4076 774 4154 Namque
794 4075 951 4139 mala
967 4076 1278 4133 innumera
1294 4075 1446 4132 fero:
1482 4083 1731 4151 aegrotat
1756 4074 1905 4132 mihi
1928 4075 2224 4132 universus
2243 4090 2347 4147 po-

258 4155 447 4230 pulus,
481 4173 593 4219 nec
631 4155 888 4233 suppetit
923 4155 1152 4212 consilii
1189 4156 1293 4220 vis,
1321 4170 1438 4233 quo
1477 4155 1604 4230 quis
1641 4153 1866 4212 mederi
1903 4161 2077 4228 queat
2098 4175 2114 4206 a
2159 4168 2346 4227 neque
2367 4151 2484 4211 170

258 4236 414 4293 enim
428 4241 833 4303 maturescunt
847 4233 1075 4309 inclytae
1093 4241 1266 4291 terrae
1283 4232 1508 4309 fruges:
1545 4249 1653 4289 nec
1671 4231 2059 4307 parturientes
2077 4228 2348 4301 mulieres

258 4310 605 4391 lacrymosos
627 4310 859 4373 dolores
884 4311 1214 4388 perierunt:
1255 4305 1436 4375 aliuni
1455 4304 1629 4394 super
1647 4312 1828 4375 alium
1847 4307 2058 4375 videas,
2078 4307 2479 4392 proepeti3175

836 4444 839 4453 .
1253 4409 1294 4447 u
1319 4395 1356 4449 2
1865 4413 1872 4418 ·
