3017 4900
1040 287 1640 361 TRACHINIAE.
2276 305 2407 374 179

279 457 367 523 tit
389 462 695 524 hominem
713 462 903 535 decet,
924 482 1033 525 nec
1050 475 1352 544 expertem
1377 466 1726 545 prudentiss,
1743 484 1871 527 rem
1889 465 2000 527 tibi
2017 483 2255 530 omnem
2276 471 2399 530 elo-
2522 483 2535 498 ⁴

286 561 443 622 quar
467 551 622 612 v'ere,
649 563 842 622 neque
864 546 1065 604 celabo
1091 547 1423 625 quidquam.
1466 546 1576 604 Est
1594 548 1756 605 enim
1782 548 1882 615 ita,
1905 550 2396 626 quemadmodum
2427 553 2547 619 4¹7⁸

284 621 479 681 homo
501 624 666 681 hicce
690 625 852 683 dicit.
929 625 1147 684 Puellae
1166 626 1323 684 illius
1349 627 1642 702 impotens
1665 643 1834 684 amor
1859 626 2133 685 Herculis
2158 630 2398 689 intimas

284 702 475 760 subiit
492 703 796 771 medullas,
817 723 1002 781 eaque
1020 715 1089 763 ut
1101 707 1413 781 potiretur,
1428 711 1818 763 aerumnosam
1833 705 2186 775 OEcbaliam,
2202 718 2397 784 pater.-

288 796 437 839 nam
453 782 608 839 illius
625 782 843 850 sedem,
864 784 1019 842 bello
1037 784 1239 842 diruit.
1282 784 1362 841 Et
1381 785 1507 848 ista,
1530 801 1768 860 aequum
1787 794 1875 842 est
1892 786 2053 843 enim
2075 804 2171 845 me
2191 789 2392 855 etiam,

285 877 427 935 quae
452 861 610 919 illius
633 879 824 919 causae
846 862 1062 931 favent,
1088 862 1302 930 dicere,
1338 880 1447 920 nec
1465 860 1643 935 jussit
1680 864 1802 937 ipse
1833 864 2066 921 silentio
2103 883 2390 940 premere,
2423 868 2547 924 480

284 955 404 995 nec
428 940 714 998 infitiatus
737 950 829 998 est
851 959 1111 1020 unquam
1131 966 1147 998 t
1186 942 1288 999 sed
1313 959 1429 1019 ego
1454 942 1633 1007 ultro,
1661 940 1699 998 ὀ
1725 943 1885 1008 hera,
1908 944 2123 1001 veritus
2154 962 2231 1002 ne
2264 947 2391 1004 ani-

281 1033 464 1076 mum
484 1026 654 1076 tuum
672 1022 1021 1096 aegritudine
1042 1021 1353 1087 afficerem,
1373 1022 1485 1080 ista
1503 1021 1554 1077 si
1573 1015 1681 1078 tibi
1701 1022 2119 1088 renuntiarem,
2137 1025 2391 1097 peccavi,

280 1097 338 1154 si
363 1097 505 1174 quid
524 1116 560 1155 a
577 1116 674 1155 me
694 1108 998 1174 peccatum
1022 1101 1199 1158 fuisse
1222 1117 1438 1158 censes.
1482 1100 1563 1156 At
1588 1117 1726 1157 vero
1745 1100 2212 1178 quandoquidem
2230 1120 2390 1161 nunc

279 1192 419 1234 rem
446 1194 685 1234 omnem
717 1181 891 1242 nosti,
921 1180 1080 1256 quod
1119 1179 1276 1236 illius
1316 1187 1533 1256 tuaque
1563 1180 1784 1254 pariter
1815 1181 2080 1245 interest,
2105 1180 2388 1243 feminam
2421 1182 2538 1240 485

280 1255 444 1313 hanc
492 1255 583 1313 fer
624 1274 797 1334 aequo
834 1260 1034 1316 animo
1073 1266 1133 1316 et
1178 1258 1316 1315 boni
1355 1258 1614 1325 consule,
1660 1274 1768 1314 nec
1803 1275 1931 1334 quae
1968 1258 2040 1315 de
2074 1259 2176 1315 illa
2208 1261 2389 1319 modo

237 1374 244 1378 -
276 1333 488 1393 dixisti
509 1347 738 1395 mutare
762 1337 924 1395 velis.
1003 1337 1112 1395 Ille
1143 1338 1302 1394 enim
1329 1345 1666 1395 ceterorum
1691 1337 1961 1396 omnium
1994 1338 2178 1395 victor
2200 1346 2388 1400 certa-

274 1413 537 1480 minum,
565 1412 739 1489 hujus
761 1434 962 1474 amore
986 1434 1222 1492 prorsus
1245 1417 1504 1474 devictus
1532 1423 1638 1475 est.

364 1491 533 1551 DEl.
559 1493 641 1551 Et
661 1495 756 1551 hic
776 1496 1014 1571 quidem
1036 1496 1185 1555 mibi
1204 1506 1288 1552 est
1305 1496 1557 1560 animus,
1578 1503 1649 1553 ut
1676 1496 1759 1552 ita
1775 1494 2019 1553 faciam:
2048 1514 2238 1572 neque
2258 1497 2385 1573 ipsa
2413 1497 2536 1554 490

275 1571 435 1634 mihi
459 1573 680 1631 malum
705 1575 1056 1638 consciscam
1081 1575 1257 1639 ultro,
1298 1574 1440 1632 Deis
1478 1573 1694 1632 obnixe
1719 1575 2005 1633 resistens,
2083 1576 2197 1634 Sed
2220 1577 2399 1637 intro
2484 1635 2489 1638 .

274 1668 509 1717 eamus,
530 1663 600 1709 ut
624 1663 684 1711 et
711 1653 819 1710 tibi
842 1652 1033 1712 dicam
1060 1672 1187 1731 quae
1219 1662 1280 1709 te
1306 1654 1493 1716 verbis
1520 1653 1664 1710 meis
1689 1653 1775 1710 illi
1807 1654 2145 1711 renuntiare
2183 1657 2381 1727 velim,

275 1747 647 1808 muneraque
684 1732 1051 1799 concinnem,
1078 1750 1207 1811 quae
1247 1740 1317 1791 tu
1353 1733 1439 1790 illi
1478 1732 1633 1790 feras
1671 1749 1879 1790 eorum
1916 1734 2039 1791 vice
2065 1751 2194 1811 quae
2217 1736 2381 1795 misit

273 1808 446 1868 mihi.
527 1806 708 1869 Haud
748 1813 909 1869 enim
935 1818 1392 1872 consentaneum
1429 1819 1538 1878 est,
1572 1814 1810 1870 inanem
1843 1820 1903 1869 te
1927 1813 2109 1881 abire,
2134 1816 2235 1893 qui
2259 1815 2379 1876 huc
2407 1816 2530 1882 495ἱ

269 1889 507 1946 veneris
529 1907 666 1947 cum
692 1899 859 1948 tanto
879 1900 1229 1950 commeatu.

273 2013 282 2028 .
358 1966 512 2044 CH.⁸
536 1968 829 2027 Invictum
855 1970 1072 2047 ubique
1098 1971 1340 2028 Veneris
1372 1976 1466 2028 est
1488 1969 1702 2027 robur:
1745 1976 1807 2028 et
1830 1968 1938 2028 ssla
1959 1971 2197 2048 quidem
2219 1992 2371 2049 pres

273 2048 568 2118 termino,
596 2066 725 2125 quae
749 2049 907 2105 inter
926 2048 1088 2107 Deos
1111 2050 1265 2108 facta
1286 2054 1443 2111 sunt,
1465 2067 1575 2106 nec
1591 2056 1660 2107 ut
1683 2048 1723 2105 J
1725 2066 1891 2106 ovem
1910 2048 2269 2119 deleniverit,
2284 2053 2375 2112 di-
2407 2055 2530 2112 500

272 2141 432 2192 mm,
459 2127 908 2187 tenebrosumve'
925 2128 1259 2195 Plutonem,
1275 2136 1382 2186 aut
1399 2128 1750 2204 Neptunum
1769 2137 2163 2206 quassatorem
2182 2140 2374 2192 teme.

271 2203 509 2276 Verum
532 2203 774 2280 hujusce
798 2208 1062 2266 mulieris
1083 2208 1398 2285 flagrantes
1422 2206 1700 2282 cupidine
1725 2208 1789 2264 in
1816 2211 2112 2264 certamen
2136 2208 2375 2268 descen-

269 2283 498 2343 derunt
517 2285 690 2343 validi
703 2285 822 2344 duo
843 2287 1026 2362 proci,
1045 2293 1180 2344 uter
1196 2283 1326 2357 ejus
1338 2281 1629 2362 potiretur
1642 2286 1887 2362 nuptiis,
1907 2287 2374 2366 omnimodisque
2406 2291 2525 2347 505

269 2361 697 2442 depugnarunt
716 2365 1098 2425 conflictibus.
1175 2366 1343 2423 Alter
1367 2364 1602 2443 quidem
1630 2376 1758 2422 erat
1781 2382 1997 2441 magna
2014 2366 2071 2421 vi
2095 2367 2375 2441 praeditus

265 2441 505 2511 fluvius,
532 2444 918 2523 quadrupedis
956 2445 1113 2503 tauri
1153 2444 1406 2505 formam
1445 2445 1708 2509 indutus,
1743 2444 1939 2502 arduis
1983 2446 2255 2505 cornibus
2279 2466 2375 2507 ar-
2500 2490 2513 2501 .

266 2532 503 2583 matum
528 2520 827 2597 objectans
851 2532 1045 2602 caput,
1067 2525 1366 2584 Achelous
1388 2524 1462 2582 ab
1487 2524 1759 2581 OEnia'dis
1779 2548 1794 2579 ε
1824 2522 1975 2582 alter
1997 2533 2199 2584 autem
2222 2525 2374 2585 Bac·
2402 2529 2524 2584 510

268 2602 455 2673 chicis
478 2604 639 2661 venit
663 2622 700 2662 a
719 2603 957 2671 Thebis,
982 2622 1140 2662 acres
1163 2620 1351 2671 arcus,
1379 2604 1723 2682 hastiliaque
1746 2611 1810 2662 et
1836 2604 2056 2661 clavam
2085 2606 2373 2682 quatiens,

264 2680 436 2739 Jovis
459 2681 650 2755 filius3
693 2684 794 2760 qui
832 2691 961 2741 tum
1000 2691 1423 2741 concurrerunt
1460 2674 1601 2740 fotis
1626 2682 1862 2749 viribus,
1898 2683 2169 2741 thalamis
2194 2686 2375 2759 potiri

265 2761 591 2838 cupientes.
630 2762 710 2819 At
732 2763 857 2820 sola
878 2765 944 2820 in
967 2763 1163 2820 medio
1186 2762 1385 2820 Venus
1408 2762 1628 2820 arbiter
1650 2770 1739 2818 est
1763 2774 1997 2837 pugnae.
2048 2761 2218 2820 Tunc
2239 2774 2367 2822 erat
2404 2765 2523 2821 515

265 2858 598 2908 manuum,
611 2848 739 2900 erat
776 2849 840 2899 et
872 2859 1137 2908 arcuum,
1161 2842 1496 2919 mixtusque
1514 2842 1898 2899 ‘taurinorum
1935 2843 2214 2916 strepitus
2244 2860 2371 2902 cor-

270 2937 503 2992 nuum3
530 2928 703 2979 erant
723 2922 903 2979 etiam
921 2921 1270 2978 luctationes
1286 2923 1568 2996 utrinque
1585 2922 2071 2996 constringenteS,
2092 2930 2374 3000 erantque
2404 2923 2528 2979 520

269 2998 632 3058 obnixorum
656 3001 917 3076 capitum
951 3000 1257 3058 horribiles
1291 3002 1463 3064 ictus,
1491 3007 1556 3055 et
1591 2999 1848 3075 gemitus
1884 2999 2211 3057 amborum.
2290 3002 2374 3059 At

267 3086 523 3136 venusta
547 3086 751 3145 tenera
772 3081 941 3165 virgo
957 3079 1269 3155 conspicuo
1287 3079 1351 3135 in
1374 3078 1524 3135 colle
1547 3076 1805 3145 sedebat,
1825 3087 2164 3152 exspectans
2183 3079 2374 3138 utrius
2404 3080 2522 3145 525

263 3156 478 3216 futura
495 3166 647 3216 efflet
660 3154 883 3231 conjux
898 3178 915 3213 ε
943 3158 1026 3215 sic
1043 3168 1241 3216 autem
1256 3175 1329 3214 ex
1344 3165 1532 3214 matre
1550 3156 1746 3214 audi-vi
1760 3178 1778 3226 3
1802 3164 1870 3212 ut
1883 3156 2140 3213 formosa
2152 3158 2373 3232 puella,
2462 3209 2467 3215 .
2498 3204 2507 3213 .

267 3238 643 3314 propositum
652 3238 989 3296 certaminis
1009 3238 1285 3312 pretium,
1309 3235 1478 3294 vultu
1500 3234 1815 3293 miserabili
1830 3236 2059 3293 exitum
2077 3244 2374 3312 exspecta-

266 3316 443 3381 verit,
468 3323 539 3375 ut
579 3334 656 3373 ue
680 3335 717 3374 a
738 3324 929 3375 matre
952 3317 1154 3374 statim
1178 3315 1521 3378 discesserit,
1548 3332 1659 3371 ceu
1681 3314 1910 3371 deserta
1934 3315 2134 3373 vitula.
2401 3316 2529 3371 580

346 3393 517 3453 DEI.
661 3414 743 3462 m,
763 3413 916 3453 carae
939 3395 1216 3472 virgines,
1242 3396 1452 3469 hospes
1474 3395 1574 3451 ille
1599 3395 1758 3450 intus
1781 3393 2099 3469 alloquitur
2116 3395 2370 3471 captivas

257 3474 509 3552 wellas,
528 3482 600 3532 ut
616 3475 720 3552 qui
740 3475 982 3533 abitum·
994 3480 1179 3550 paret,
1199 3473 1428 3542 interea
1441 3473 1602 3532 clam
1619 3472 1694 3530 ad
1712 3489 1813 3529 vos
1832 3471 2023 3547 prodii
2039 3471 2214 3540 foras,
2235 3481 2373 3547 tum¹
2574 3536 2581 3539 ,

261 3563 343 3613 ut
365 3552 530 3611 vobis
553 3570 824 3611 enarrem
849 3570 990 3630 quas
1012 3553 1203 3610 struxi
1226 3553 1544 3617 machinas,
1565 3562 1695 3609 tum
1720 3558 1790 3607 ut
1814 3569 1947 3628 quae
1971 3551 2165 3627 patior
2181 3551 2367 3611 infore
2398 3549 2517 3611 585

257 3634 439 3690 tunia
450 3632 747 3690 vobiscum
765 3632 1088 3708 deplorem.
1126 3629 1434 3709 Virginem
1449 3628 1611 3688 enim
1629 3629 2077 3706 haudquaquam
2094 3629 2367 3705 amplius,

253 3710 368 3770 sed
383 3707 582 3788 jugali
621 3729 833 3770 nexam
856 3711 1109 3778 vinculo,
1144 3710 1221 3767 ad
1259 3727 1374 3768 me.
1396 3710 1619 3785 recepi,
1649 3725 1800 3767 onus
1839 3708 2000 3766 velut
2038 3707 2364 3780 nauclerus,

253 3789 609 3849 damnosam
635 3791 719 3847 sic
742 3807 1000 3848 mercem
1023 3789 1226 3847 animo
1248 3805 1401 3848 meo.
1449 3786 1546 3846 'Et
1571 3804 1742 3845 nunc·
1767 3803 1874 3844 nos
1899 3786 2032 3862 duae
2057 3804 2365 3847 manemus
2472 3830 2485 3847 .

258 3886 394 3928 una
407 3869 520 3927 sub
537 3869 800 3945 stragula
821 3870 998 3927 unius
1016 3867 1320 3944 amplexus
1333 3891 1351 3923 ε
1380 3867 1559 3925 talem
1580 3864 1887 3934 Hercules,
1907 3867 2007 3924 ine
2024 3865 2174 3923 fidus
2195 3866 2364 3924 nobis
2394 3865 2515 3921 540

255 3957 331 4005 et
374 3947 565 4006 bonus
601 3947 810 4016 dicitis,
850 3948 1145 4007 diutmnae
1184 3946 1395 4004 domus
1437 3945 1718 4003 custodiae
1750 3944 2079 4002 mercedem
2119 3946 2362 4004 remisit.
2443 3942 2448 3950 ’

255 4027 405 4104 Ego
433 4038 574 4085 vero
595 4026 936 4085 succensere
960 4025 1195 4104 quidem
1235 4026 1323 4082 illi
1369 4042 1492 4082 non
1531 4024 1712 4087 soleo,
1739 4025 1845 4100 qui
1867 4025 2042 4080 toties
2078 4022 2365 4081 laboravit

255 4107 380 4166 hoc
403 4107 535 4182 ipso
556 4106 800 4164 morbo:
843 4114 905 4163 at
930 4122 1052 4163 una
1071 4103 1341 4163 indomo
1358 4122 1496 4165 cum
1522 4102 1728 4177 pellice
1759 4102 2045 4173 habitare,
2073 4120 2203 4178 quse
2228 4120 2361 4159 mu·
2390 4098 2508 4165 545

249 4185 375 4249 liet
407 4187 692 4244 smtineat
714 4192 1003 4263 unquam,
1037 4185 1106 4242 in
1142 4193 1370 4260 partem
1395 4182 1715 4239 admittens
1746 4178 2008 4253 ejusdem
2032 4179 2356 4239 connubii?

254 4263 362 4322 mi
385 4265 548 4323 enim
572 4266 781 4327 florem
801 4282 943 4323 eum
981 4280 1106 4321 esse
1142 4262 1330 4320 aetatis
1369 4260 1557 4324 video,
1586 4261 1688 4338 qui
1705 4260 1776 4319 in
1800 4260 1924 4319 dies
1948 4261 2053 4317 fiat
2076 4259 2359 4335 vegetior,

249 4342 418 4423 mihi
437 4361 579 4404 ,vero
602 4351 1089 4409 mmwoentemz
1117 4344 1182 4400 in
1205 4340 1313 4398 ino
1335 4340 1565 4414 haeretc
1585 4339 1738 4408 solet
1760 4338 1869 4399 riri
1892 4339 2128 4410 omluss
2156 4337 2366 4403 &1¹0²

1241 4426 1366 4502 42
