3017 4900
23 3592 38 3861 r——r—-w⁴2
27 3572 28 3575 „
27 3488 28 3557 ᾼᾼῌ

21 4838 28 4849 Ρ
21 4624 32 4769 Ἲ*“-Ϊ

1048 244 1325 319 AJAX.
2140 262 2268 328 2⁰7

258 421 513 486 Tuom.
554 422 661 482 Vae
685 415 832 480 m'ihi
855 419 1121 480 miserae!
1407 470 1414 476 .
2170 377 2185 444 ¹

256 505 398 564 ΟΗ.
438 498 577 563 Ad
551 519 722 575 Jecur
748 505 1034 575 penetrat,
1060 507 1151 559 sat
1175 503 1329 570 novi,
1356 518 1488 562 acer
1510 499 1695 562 dolor.
2051 538 2060 549 ·

263 583 517 641 TECM
555 581 661 638 Vae
684 580 833 638 mihi
859 579 1121 636 miserae!

263 662 403 720 CH.
443 659 555 719 Nil
574 659 812 723 mirum,
832 662 914 723 te,
934 658 1165 725 mulier,
1191 654 1479 738 eJulatum
1503 659 1734 725 iterare,
1752 673 1928 737 quam
1954 657 2059 718 tali
2083 663 2271 721 amico
2303 675 2427 729 940

179 740 414 798 orbavit
440 755 642 797 recens
665 753 848 794 casus,
959 767 962 770 ·

258 817 511 953 {gel}
550 813 645 874 Tu
668 815 793 874 haec
819 814 1071 889 opinaris
1099 820 1368 887 tantum3
1412 833 1528 892 ego
1552 832 1689 873 vero
1714 816 1885 874 nimis
1910 818 2116 876 sentio,

492 907 680 953 ateor.

209 974 514 1032 ΤΕΟΜ.
555 972 673 1029 Ηεί
724 971 903 1030 ιιιὶιιίι
959 979 1113 1035 nate,
1160 971 1315 1049 quod
1364 972 1655 1030 servitutis
1696 968 1913 1049 jugum
1961 974 2267 1042 subimus)
2304 984 2421 1040 945

325 1073 387 1110 es
414 1041 585 1111 nobis
613 1053 925 1108 imminent
948 1050 1118 1108 heri?

265 1132 405 1190 ΟΗ.
449 1129 656 1188 Eheu!
713 1128 1031 1186 nefandum
1079 1146 1217 1185 sane
1265 1127 1485 1186 factum
1527 1131 1864 1187 memorasti
1899 1131 2274 1208 geminorum

186 1210 556 1278 Atridarum,
572 1210 636 1265 in
659 1208 771 1264 hoc
791 1208 953 1265 luctu
977 1207 1549 1276 immisericordium3
1593 1209 1695 1265 sed
1719 1209 2025 1284 probibeat
2048 1207 2243 1268 Deus!
2331 1219 2341 1229 ·

265 1288 518 1346 TECM.
558 1286 652 1344 Ne
675 1287 801 1346 haec
828 1285 1064 1378 quidem
1088 1285 1170 1341 sic
1192 1302 1255 1341 se
1282 1250 1587 1352 haberen't,
1612 1286 1825 1366 absque
1849 1288 1992 1345 Deis
2014 1289 2219 1347 foret.
2305 1295 2427 1352 950

266 1367 404 1426 ΟΗ.
443 1369 526 1425 Αι
549 1383 686 1423 sane
712 1382 860 1421 onus
886 1361 1058 1421 nimis
1080 1381 1257 1439 grave
1281 1365 1724 1423 concinnarunt.

267 1444 520 1504 TECM.
561 1445 780 1520 Utique
819 1459 1033 1502 noxam
1073 1445 1223 1501 hanc
1262 1443 1595 1501 machinata
1631 1454 1718 1501 est
1752 1461 1904 1503 saeva
1925 1443 2084 1503 Jovis
2114 1452 2274 1514 nata,

190 1524 404 1588 Panas,
435 1524 649 1598 Ulyssis
673 1522 878 1598 gratia.

268 1603 406 1661 CH.
459 1602 758 1660 Nimirum
806 1599 1006 1658 dolosa
1049 1555 1246 1656 mente
1290 1600 1456 1657 nobis
1499 1599 1696 1657 illudit
1733 1600 2001 1660 laborum
2050 1602 2275 1678 patiens
2306 1608 2429 1667 955

192 1681 449 1758 Ulysses,
477 1688 538 1737 et
577 1680 776 1736 multis
812 1678 1108 1735 cachinnis
1141 1676 1291 1735 ridet
1316 1678 1546 1744 dolores
1570 1680 1696 1744 hos,
1724 1697 1866 1756 quos
1889 1684 2115 1758 peperit
2137 1679 2276 1754 Aja-
2492 1687 2507 1702 ⁶

192 1778 272 1897 <Xe
297 1761 489 1895 ζιᾶιοι,
511 1760 649 1824 heu,
677 1754 828 1815 heu!
872 1757 1179 1833 simulque,
1206 1757 1317 1814 ista
1340 1769 1526 1834 quum
1558 1758 1824 1826 audiunt,
1848 1760 2072 1842 gemini
2109 1778 2277 1838 reges
2308 1766 2431 1823 960

248 1839 328 1896 tri
369 1857 420 1896 ιε

264 1914 518 1975 ΤΕΟΜ.
551 1913 808 1974 Rideant
832 1912 919 1970 illi
941 1930 1080 1970 sane
1093 1919 1167 1988 gt
1190 1910 1485 1990 gaudeant
1507 1911 1689 1986 hujus
1711 1915 1818 1972 viri
1843 1916 2028 1974 malis.
2099 1916 2278 1974 Forte

197 1997 306 2053 etsi
330 1996 528 2053 vivum
552 1992 951 2050 desiderarunt
978 1992 1191 2057 minue,
1218 1999 1522 2049 mortuum
1556 1989 1848 2068 lugebunt
1884 1995 1951 2052 in
1986 1994 2125 2052 belli
2162 1995 2278 2052 dis-

195 2076 462 2136 erimine.
541 2071 701 2129 Nam
746 2071 911 2128 stulti
953 2068 1175 2128 bonum
1226 2078 1491 2128 tenentes
1540 2071 1827 2138 manibus,
1868 2082 1989 2129 non
2038 2081 2175 2130 ante
2218 2071 2279 2130 id
2312 2080 2430 2151 965

197 2152 686 2217 animadvertunt,
775 2167 913 2210 uam
962 2148 1278 2241 amiserint.
1354 2146 1512 2205 Mihi
1558 2147 1797 2205 acerbus
1845 2152 2020 2227 periit
2069 2142 2277 2229 magi's,

200 2250 370 2309 quam
407 2231 527 2288 illis
557 2226 746 2301 jucun
785 2245 871 2295 us,
911 2227 1022 2302 ipsi
1059 2243 1198 2284 vero
1239 2227 1353 2284 sibi
1398 2226 1637 2286 lubens.
1681 2245 1812 2303 quae
1839 2231 2014 2287 enim
2057 2230 2280 2304 optavit

167 2367 174 2375 ,
202 2309 451 2387 assequi,
488 2308 635 2383 adep
640 2318 729 2366 tus
766 2314 853 2364 est
890 2306 1036 2373 sibi3
1079 2314 1331 2363 mortem
1368 2322 1581 2379 nempe
1606 2322 1780 2382 quam
1817 2308 2020 2366 voluit.
2090 2307 2275 2374 Quid,

206 2406 421 2467 quaem,
446 2386 664 2446 habent
690 2386 771 2452 hi,
799 2383 953 2462 quod
979 2383 1148 2441 illum
1174 2384 1316 2442 irrid
1426 2384 1494 2440 t?
1537 2383 1667 2441 Diis
1691 2384 1902 2444 occidit
1922 2386 2270 2445 volentibus·
2309 2394 2431 2457 970

202 2486 277 2531 an
312 2469 405 2526 his
444 2465 818 2526 auctoribus?
864 2464 1226 2540 neutiquam.
1382 2462 1557 2520 oinde
1599 2462 1827 2551 mysses
1866 2465 2065 2522 inanes
2098 2462 2282 2537 jaciat

203 2546 599 2605 contumelias,
676 2544 799 2603 Illis
831 2543 992 2600 enim
1016 2559 1139 2600 non
1161 2542 1407 2618 amplius
1430 2549 1521 2599 est
1530 2537 1729 2614 Ajax3
1770 2541 1872 2602 scd
1897 2540 2042 2605 mihi
2066 2545 2282 2603 relictis
2380 2582 2385 2591 ·

206 2624 609 2701 doloribusque
633 2630 694 2679 et
717 2621 987 2686 luctibus,
1015 2621 1205 2694 periit.

276 2703 515 2763 TEUC.
559 2702 662 2758 Vae
688 2702 901 2758 misero
924 2692 1104 2756 mihi!

277 2781 412 2841 CH.
449 2781 622 2843 Tace.
663 2779 882 2837 Vocem
905 2777 1120 2836 Teucri
1144 2777 1291 2836 mihi
1314 2776 1514 2837 videor
1547 2778 1774 2846 audire,
1813 2778 2037 2845 edentis
2065 2780 2282 2839 clamo-
2310 2782 2430 2845 9¹75

209 2878 329 2920 rem
354 2860 494 2918 huic
517 2858 836 2917 calamitati
859 2873 1198 2915 consonum.

275 2939 518 3001 TEUC.
556 2937 615 2994 Ο
637 2936 929 2995 carissime
966 2931 1134 3007 Ajax,
1176 2934 1215 2992 ὀ
1237 2933 1405 2992 dulce
1436 2936 1766 2995 fraternum
1788 2943 1987 3012 eaput,
2009 2937 2191 3006 itane,
2212 2946 2286 2998 ut

207 3018 356 3081 fama
380 3017 520 3083 fert,
544 3024 741 3073 tecum
766 3022 959 3072 actum
986 3014 1111 3070 est?

280 3096 415 3155 ΟΗ.
453 3095 638 3154 Periit
659 3094 748 3151 vir
769 3092 900 3161 ille3
943 3091 1185 3159 Teucer,
1212 3090 1324 3148 hoc
1346 3082 1508 3148 certo
1531 3093 1697 3151 scite.

275 3173 519 3234 TEUC.
565 3172 685 3230 Hei
707 3170 885 3229 mihi!
932 3171 969 3228 ὁ
991 3188 1133 3246 grav
1133 3188 1229 3229 em
1253 3170 1438 3245 igitur
1459 3186 1656 3230 meam
1680 3170 2021 3233 fortunam!
2316 3173 2435 3239 980

267 3253 409 3312 ΟΗ.
458 3250 610 3315 Haec
634 3269 816 3328 quum
840 3250 924 3307 ita
946 3250 1144 3315 sint-

275 3331 515 3390 TEUC.
557 3331 613 3387 O
637 3330 812 3387 miser
835 3345 969 3404 ege,
994 3335 1090 3384 ter
1112 3324 1320 3388 miser!

280 3410 417 3469 CH.
456 3407 738 3486 Lugendi
761 3407 923 3465 adoet
946 3405 1128 3481 copia.

276 3487 517 3548 TEUC.
557 3488 613 3545 Ο
636 3504 874 3564 gravem
898 3500 1273 3560 asperamque
1296 3436 1718 3543 calamitatem!

280 3566 413 3625 ΟΗ.
454 3567 728 3625 Νἰιιιίιιιιι
754 3563 1011 3658 quidem,
1034 3562 1280 3623 Teucer.

279 3646 521 3705 TEUC
565 3644 709 3702 Heu
731 3642 946 3705 miser'
988 3640 1146 3705 Quid
1170 3640 1324 3703 filius
1345 3646 1548 3699 autem
1571 3636 1780 3713 huius.
1763 3640 1786 3682 ²
1815 3612 2090 3705 Quonam
2113 3639 2290 3700 Τιόἲ-

212 3742 292 3789 cae
314 3733 487 3785 terrae
520 3728 774 3783 versatur
797 3724 862 3778 in
884 3722 1046 3779 loco.
1031 3723 1052 3762 >

285 3803 419 3862 ΟΗ.
458 3802 635 3879 Apud
658 3802 908 3858 tentoria
930 3800 1103 3857 solus.
2318 3800 2437 3860 935

282 3882 522 3941 TEUC.
564 3880 705 3938 Non
730 3898 868 3939 eum
890 3878 1197 3945 confestim
1215 3875 1334 3934 huc
1351 3875 1624 3940 adduces,
1642 3889 1728 3935 ne
1749 3877 1875 3954 quis
1892 3876 2288 3943 inimicorum,

218 3966 485 4049 tanquam
515 3960 673 4018 orbae
696 3959 955 4019 catulum
979 3957 1200 4022 leaenae,
1219 3973 1357 4021 eum
1370 3954 1650 4048 abripiat?
1676 3972 1791 4031 age
1809 3955 2041 4023 festina,
2058 3952 2287 4028 adjuva.

220 4039 438 4115 ,Quippe
459 4036 787 4112 jacentibus
810 4034 1001 4097 solent
1026 4053 1228 4094 omnes
1252 4034 1496 4095 mortuis
1520 4032 1785 4095 illudere.

294 4117 421 4176 CH.
444 4118 530 4176 Et
548 4117 786 4194 quidem
806 4133 989 4193 quum
1013 4115 1226 4173 viveret
1240 4114 1358 4179 ille,
1355 4121 1447 4196 pt
1463 4111 1573 4169 tibi
1585 4128 1741 4170 curoe
1765 4121 1916 4171 esset
1934 4113 2107 4178 filine,
2123 4127 2288 4171 man·
2319 4117 2440 4173 9⁹0

228 4193 404 4262 dabat,
433 4194 928 4274 quemadmodum
951 4201 1010 4251 ει
1033 4206 1189 4251 curae
1213 4202 1319 4250 eet.

294 4217 520 4353 TEUC.
560 4276 620 4335 Ο
642 4274 910 4343 omnium
933 4291 1070 4359 quae
1088 4288 1349 4362 unquam
1372 4267 1553 4337 oculis
1566 4266 1833 4340 viderim,
1857 4267 2293 4337 accrbwsimum
