3017 4900
52 267 55 400 j
260 325 281 340 -
476 322 482 330 .
904 283 1518 372 :Asuconssm
2137 305 2249 367 ιω

195 458 430 544 &Argis
662 463 671 472 “
763 484 902 527 cum
921 470 1084 529 omni
1104 468 1314 528 bellico
1331 474 1637 547 apparatu,
1652 469 1752 548 qui
1769 475 1980 528 eontra·
1995 476 2254 530 nostram
2293 481 2320 533 1
2332 480 2413 535 10

194 537 379 603 =urbem
401 545 489 604 Po
508 547 687 623 ynicis
712 548 1001 626 ambiguis
1037 551 1310 606 incitatus
1348 545 1582 625 jurgiis,
1622 549 1988 607 transvola-vit
2013 557 2253 610 acutum

193 617 464 701 clangens,
491 626 781 703 utlaquila
802 628 865 684 in
890 635 1106 684 terram
1131 644 1193 684 se
1219 627 1553 694 demittens,
1573 628 1741 686 nivea
1764 636 1948 688 tectus
1971 630 2085 696 ala-5
2102 629 2254 686 mul-
2289 635 2405 692 115

51 713 55 770 ξ
194 704 258 759 tis
289 721 416 782 cum
460 698 658 772 armis,
685 701 1160 782 comantibusque
1203 706 1403 783 galeis.
1486 706 1657 766 Stans
1693 724 1831 765 vero
1869 724 2045 782 supra
2079 705 2252 773 aedes,

52 797 53 800 ’
192 784 443 839 cruentis*
450 778 679 840 inhians
703 783 962 861 undique
1003 803 1137 841 cum
1173 784 1351 844 hastis
1376 786 1529 843 circa
1556 792 1778 861 septem
1802 794 2102 861 port-arum
2130 802 2250 848 ora,

193 857 337 927 abiit,
359 862 692 939 priusquam
720 872 924 920 nostro
959 863 1243 939 sanguine
1268 866 1504 921 satiaret
1531 864 1729 931 malas,
1756 873 1818 922 et
1844 865 2093 923 turrium
2120 881 2252 939 pro·
2291 871 2408 926 120

192 932 502 1015 pugnacula
539 942 737 1016 piceus
773 941 1070 999 Vulcanus
1107 942 1452 1017 corriperet:
1499 949 1697 1001 tantus
1738 961 1776 1000 a
1814 948 1986 1020 tergo
2018 951 2254 1008 exortus
2285 969 2300 980 ν

193 1027 267 1075 est
287 1020 557 1094 strepitus
583 1018 811 1086 Martis,
836 1021 1162 1077 adversario
1184 1020 1423 1082 draconi
1454 1020 1944 1096 inexsuperabilis.
2021 1021 2255 1096 Jupiter
2290 1027 2403 1082 125

193 1093 331 1153 enim
367 1093 634 1176 superbae
678 1098 894 1175 linguae
924 1096 1269 1171 jactantiam
1308 1100 1569 1176 impense
1603 1101 1747 1167 odit,
1773 1109 1835 1157 et
1870 1118 1970 1158 eos
2008 1100 2254 1158 intuitus

192 1168 361 1234 multo
384 1190 523 1233 cum
549 1178 773 1252 impetu
800 1179 1105 1245 irruentes,
1132 1195 1443 1237 aureorum
1481 1196 1778 1237 armorum
1803 1181 2047 1254 crepitu,
2071 1183 2135 1235 et
2158 1196 2253 1236 su·
2290 1183 2408 1238 130

191 1255 385 1329 perbia,
412 1255 641 1313 vibrato
665 1251 862 1328 dejicit
886 1256 1131 1314 fulmine
1157 1271 1459 1330 parantem
1472 1254 1601 1330 jam
1621 1258 1861 1316 summis
1884 1259 1949 1315 in
1967 1256 2255 1315 moenibus

195 1332 424 1391 victoriae
450 1331 657 1392 laetum
681 1336 996 1406 clamorem
1021 1336 1252 1414 tollerea
1295 1353 1658 1412 repercussus
1682 1344 1882 1395 autem
1907 1338 2026 1394 ictu
2052 1334 2255 1393 fulmi-

52 1399 55 1504 ᾐ
199 1413 276 1469 nis
297 1420 707 1491 quassatusque
743 1414 807 1471 in
849 1421 1068 1471 terram
1103 1414 1310 1473 cecidit
1343 1416 1560 1492 ignifer
1599 1416 1716 1480 ille,
1743 1416 1843 1494 qui
1865 1416 2023 1491 prius
2050 1415 2256 1471 insano
2290 1417 2407 1475 13⁵

52 1507 55 1584 ᾗ
196 1485 369 1549 furore
393 1487 775 1559 debacchans,
801 1494 918 1550 vim
944 1492 1449 1551 infestissimorum
1480 1500 1789 1551 ventorum
1814 1494 1957 1551 flatu
1980 1510 2088 1571 suo
2111 1493 2256 1554 inci-

52 1591 55 1646 ξ
197 1577 413 1629 taverat
494 1570 683 1629 Aliter
706 1572 940 1648 quidem
979 1572 1043 1629 in
1084 1573 1226 1630 alios
1260 1581 1553 1651 grassatus
1592 1579 1698 1639 est,
1725 1573 1831 1630 hos
1864 1587 2001 1630 vero
2025 1574 2089 1630 in
2113 1572 2261 1628 alios·

52 1659 55 1704 ὴ
195 1646 389 1707 invexit
425 1666 612 1713 casus,
652 1658 889 1708 cunctos
932 1649 1244 1710 deturbans
1284 1660 1563 1728 praestans
1601 1651 1810 1709 robore
1849 1663 2100 1728 magnus
2125 1649 2254 1706 Ma·
2294 1662 2409 1718 140

195 1743 317 1785 νοτε.
391 1727 554 1786 Nam
579 1737 804 1804 septem
828 1729 1007 1787 duces
1030 1730 1105 1787 ad
1128 1737 1373 1807 septem·
1388 1739 1586 1806 portas
1625 1731 1818 1804 locati,
1855 1747 2021 1806 pares
2052 1738 2258 1786 contra

52 1841 53 1844 =
194 1821 354 1881 lmes,
380 1800 643 1885 fugatori
667 1807 801 1864 Jovi
831 1809 1190 1886 reliquerunt
1216 1828 1366 1867 aerea
1398 1828 1581 1875 arma,
1608 1819 1821 1884 praeter
1843 1811 2082 1880 miseros
2107 1807 2255 1873 illos,

52 1871 55 1958 Ι
195 1886 280 1960 qui
299 1893 461 1962 patre
487 1894 936 1964 uno-matreque
972 1905 1091 1945 una
1126 1888 1268 1953 nati,
1297 1889 1358 1947 in
1383 1906 1445 1944 se
1480 1888 1759 1965 utrinque
1786 1888 2041 1945 victrices
2066 1887 2257 1956 hastas
2294 1894 2407 1950 145
2501 1881 2510 1890 ’

52 1967 55 1988 ²
194 1962 510 2041 dirigentes,
533 1967 859 2023 communis
884 1967 1088 2024 mortis
1115 1966 1286 2023 ambo
1310 1977 1695 2042 perceperunt
1717 1974 1961 2041 partem.
2002 1966 2083 2021 At
2099 1966 2258 2022 enim

52 2037 55 2136 J
196 2044 447 2117 preclaro
502 2044 741 2102 nomine
790 2043 1053 2121 gaudens
1103 2044 1358 2102 Victoria
1406 2047 1586 2112 venit,
1640 2062 1918 2105 curruum
1959 2044 2260 2119 ‚agitatrici

197 2118 390 2181 Thebae
414 2124 668 2182 invicem
693 2121 1044 2201 gratificans,
1120 2121 1256 2180 Jam
1280 2140 1418 2180 vero
1439 2127 1839 2181 confectorum
1876 2122 2053 2182 modo
2078 2121 2257 2178 bello-
2296 2128 2412 2182 150

194 2215 308 2262 mm
331 2201 549 2259 oblivia
571 2202 843 2260 inducere
867 2203 1054 2268 decet,—
1087 2201 1469 2278 Deorumque
1508 2202 1728 2277 templa
1752 2202 1950 2270 omnia
1982 2199 2257 2257 adeamus

286 2323 287 2328 η
315 2274 549 2357 ‘gilibus
572 2282 796 2340 chorisz
838 2281 1015 2339 ducat
1037 2289 1235 2340 autem
1270 2281 1552 2355 Bacchus,
1591 2269 1692 2357 dui
1723 2278 1951 2337 Thebas
1974 2279 2252 2337 concutit.

345 2378 483 2419 vero
508 2377 693 2420 novus
710 2355 886 2432 hujus
910 2359 1069 2419 urbis
1093 2377 1198 2420 rex
1218 2356 1414 2417 Creon
1438 2357 1729 2417 Menoecei
1754 2355 1928 2423 filius,
1953 2357 2030 2415 ob
2055 2374 2254 2415 recen·
2293 2361 2405 2417 155

52 2486 55 2533 5
195 2439 299 2496 tem
322 2457 524 2499 casum
545 2438 810 2498 Deorum
836 2441 1127 2498 invectum
1144 2438 1408 2507 numine,
1435 2438 1678 2504 accedit,
1694 2436 1927 2515 aliquod
1950 2437 2256 2517 consilium

52 2540 55 2625 μ
197 2517 405 2576 volvens
429 2520 654 2585 animo,
673 2517 1140 2596 quandoquidem
1165 2528 1516 2595 conventum
1537 2519 1691 2576 hunc
1709 2518 2007 2583 seniorum
2027 2515 2258 2585 indixit,
2296 2519 2411 2575 160

203 2610 328 2673 quos
349 2598 658 2659 communi
682 2599 973 2673 praeconio
996 2598 1302 2656 arcessivit.
1476 2666 1481 2672 ⁴

52 2650 57 2793 Ι
265 2675 380 2735 CR.
422 2670 575 2743 Viri,
613 2677 915 2734 civitatem
942 2677 1118 2743 hanc,
1145 2694 1319 2755 quam
1362 2675 1561 2735 multis
1605 2681 1948 2754 quassarunt
1972 2675 2259 2742 fluctibus,

194 2738 304 2824 iam
331 2756 397 2814 in
419 2762 558 2813 tuto
586 2754 691 2813 Dii
710 2763 1040 2833 'erexerunt
1074 2755 1270 2816 denuo
1285 2780 1302 2809 ι
1347 2773 1446 2812 vos
1483 2761 1681 2829 autem
1710 2772 1813 2831 per
1831 2756 2079 2826 *nuntios
2113 2751 2263 2826 jussi
2298 2753 2409 2810 165

197 2850 438 2906 seorsum
462 2834 539 2893 ab
559 2826 841 2909 omnibus¹
855 2834 1337 2911 convenire5quia
1363 2851 1459 2891 vos
1485 2836 1776 2891 novicum
1799 2832 1933 2899 Laii
1948 2834 2263 2907 imperium

198 2906 380 2970 sedulo
412 2929 646 2991 semper
678 2913 940 2979 coluisse,
973 2922 1104 2971 tum
1122 2902 1417 2989 ‘regnante
1445 2912 1683 2988 OEdip0,
1706 2912 1922 2989 illoque
1954 2914 2260 2978 exstincto,

200 3007 327 3067 erga
358 2986 487 3064 ejus
527 2999 758 3069 gnato&
784 2994 850 3049 in
892 2992 1094 3050 eadem
1138 2992 1254 3049 fide
1298 2993 1587 3049 constanti
1630 2992 1829 3049 animo
1866 2990 2261 3065 permansisse.

52 3052 55 3165 Ι
201 3064 452 3130 Quando'
471 3072 656 3148 igitur
699 3070 785 3128 illi
824 3071 1064 3148 gemino
1103 3070 1227 3128 fato
1250 3087 1370 3129 una
1402 3068 1497 3127 die
1533 3070 1776 3146 periere,
1803 3069 2019 3126 mutuis
2053 3067 2262 3125 ictibus
2298 3068 2413 3130 170

199 3150 469 3226 perempti
493 3149 718 3225 nefaria
741 3167 938 3213 manu,
967 3167 1080 3226 ego
1097 3146 1226 3222 jam
1250 3149 1562 3224 imperium
1588 3153 1850 3222 omneet
1874 3147 2086 3205 solium
2107 3147 2262 3203 obti-

202 3241 321 3293 neo,
344 3236 411 3285 ut
436 3230 539 3306 qui
564 3227 851 3287 defunctis
876 3236 1157 3305 cognatus
1181 3245 1312 3286 sum
1335 3228 1648 3304 proximus,
1707 3225 1824 3284 Vix
1845 3233 2047 3283 autem
2070 3228 2262 3284 virum
2296 3224 2408 3286 175

203 3308 516 3384 quempiam
541 3308 702 3365 noris
726 3312 843 3385 qu‘o
866 3298 941 3364 sit
966 3300 1226 3384 ingenio,
1259 3325 1373 3384 qua
1395 3307 1648 3381 solertia,
1675 3305 1881 3382 quidve
1904 3304 2146 3361 consilio
2164 3322 2261 3369 va-

202 3382 320 3449 leat,
345 3395 659 3462 antequam
684 3387 747 3442 in
760 3386 1269 3463 ‘administratione
1313 3386 1399 3461 rei
1435 3384 1679 3461 publicae
1717 3391 1777 3441 et
1812 3383 2015 3459 legum
2054 3384 2263 3439 tritum

203 3478 325 3521 eum
348 3466 574 3524 videris.
652 3458 999 3542 Quicunque
1024 3467 1183 3522 enim
1219 3465 1509 3522 civitatem
1533 3465 1860 3521 universam
1887 3479 2113 3538 regens»,
2143 3478 2264 3517 non
2339 3524 2346 3529 ‚

203 3544 420 3616 optimis
445 3544 702 3603 adhaeret
724 3543 998 3609 consiliis,
1023 3543 1124 3600 sed
1162 3542 1472 3601 formidine
1505 3543 1699 3618 aliqua
1725 3542 1988 3616 linguam
2011 3540 2261 3614 compri-
2298 3538 2415 3597 180

202 3621 317 3685 mit,
339 3620 389 3678 is
414 3615 695 3698 pessimus
713 3639 836 3691 esse
860 3629 922 3678 et
946 3639 1104 3680 nunc
1126 3629 1186 3679 et
1210 3622 1355 3679 olim
1379 3622 1524 3678 mibi
1551 3620 1809 3677 videturz
1849 3627 1913 3674 et
1934 3620 2263 3694 quicunque

52 3726 55 3825 Ι
185 3766 191 3773 ,
264 3701 374 3757 tria
407 3718 515 3759 sua
554 3695 846 3778 potiorem
875 3695 1099 3773 judicat
1143 3701 1416 3767 amicum,
1443 3700 1612 3757 illum
1652 3699 1814 3754 nullo
1841 3699 1904 3769 in
1933 3698 2063 3756 loco
2089 3713 2261 3773 pone.

200 3714 326 3853 ἧι)
347 3775 527 3847 enim,
553 3789 737 3838 testor
755 3779 795 3837 J
795 3797 958 3837 ovem
987 3781 1184 3838 omnia
1206 3797 1434 3854 semper
1457 3785 1813 3852 cernentem,
1832 3775 2004 3832 silere
2023 3776 2262 3844 nollem,
2301 3774 2412 3830 185

52 3852 55 3909 Ι
201 3846 468 3916 damnum
495 3853 545 3916 si
569 3858 824 3916 viderem
857 3860 1132 3934 ingruere
1171 3858 1391 3915 civibus
1414 3853 1545 3914 loc'o
1578 3856 1810 3923 salutis;
1856 3872 1963 3912 nec
1988 3872 2262 3932 unquam,

203 3934 247 3990 ti
266 3938 391 4012 quis
431 3939 631 4020 patriae
668 3938 850 3995 hostis
871 3938 966 4005 sit,
1006 3934 1132 4008 ejus
1169 3938 1278 3997 vixi
1319 3936 1636 3993 amicitiam
1660 3935 2007 4009 amplectar:
2054 3934 2265 4010 quippe

205 4024 555 4090 compertum
592 4024 682 4074 est
715 4017 880 4083 mihi,
905 4018 1153 4092 patriam
1189 4034 1331 4082 esse,
1357 4033 1487 4092 quas
1512 4023 1698 4072 servat
1723 4014 1888 4076 cives,
1916 4015 2268 4070 amicorum·
2302 4011 2414 4068 190

205 4108 308 4225 {ue
325 4096 552 4169 copiam
575 4094 744 4152 nobis
759 4091 908 4161 fore,
926 4096 977 4151 si
994 4094 1147 4153 salva
1163 4094 1262 4152 illa
1281 4092 1556 4169 prospero
1580 4110 1777 4151 rerum
1795 4091 2061 4149 fruamur
2072 4107 2262 4147 cursu.

251 4168 433 4249 alibus
455 4174 812 4250 ego·this
836 4166 1142 4232 obsecutus
1167 4175 1318 4231 hanc
1353 4173 1582 4249 augebo
1606 4170 1833 4238 urbem,
1868 4186 2137 4246 nuncque
2164 4169 2268 4224 ho·
2335 4220 2342 4223 ,

52 4222 61 4319 ᾗ
94 4272 103 4281 ·
205 4262 331 4306 rum
361 4250 556 4311 affinia
593 4251 811 4311 civibus
849 4252 1074 4310 edicere
1117 4250 1267 4323 jussi
1304 4252 1457 4309 circa
1495 4250 1703 4325 OEdipi
1727 4251 1893 4307 filios.
1969 4246 2268 4305 Eteoclem

52 4344 55 4407 Ι
208 4328 453 4405 quidem,
477 4333 578 4412 qui
611 4349 724 4411 pro
746 4331 854 4396 hac
878 4331 1024 4395 urbe
1060 4331 1399 4414 pugnando,
1425 4347 1490 4391 re
1515 4329 1825 4393 fortiss‘une
1864 4334 2050 4409 gesta,
2075 4324 2267 4403 periit,
2340 4330 2451 4394 195
