3017 4900
1046 305 1499 374 ELECTRA.
1520 353 1525 362 ·
1986 411 1989 416 Ι
2182 318 2311 379 24⁵
2332 333 2337 338 ·

297 477 447 542 EL.
484 480 798 559 Generosa
831 481 1030 557 stirpis
1061 482 1304 548 soboles,
1330 482 1541 540 venitis
1571 481 1795 541 labores
1816 498 1985 541 meos
2003 483 2312 545 lenitum·
2355 489 2470 546 130
2570 495 2573 502 ’

255 564 400 702 mi
416 549 647 699 Ἷζὲἰῗ
673 560 2321 717 ἑᾙῗῗᾷἱῖωᾛὲἓῖἓηᾛᾞᾚωξέἔη

256 717 657 777 benevolentiae
681 720 1057 796 omnigenam
1083 736 1212 797 quae
1249 719 1565 795 rependitis
1604 719 1874 796 gratiam,
1900 720 2073 777 sinite
2097 738 2195 780 me
2218 720 2347 779 de·
2332 724 2473 781 135

248 810 494 873 speratas
519 816 651 875 spes
673 815 831 857 meas
854 798 935 855 sic
958 796 1277 873 deplorare,
1304 797 1474 865 eheu,
1500 797 1670 861 eheu,
1698 796 1953 856 obsecro.

326 877 454 935 CH.
491 877 572 934 At
598 884 795 935 tamen
820 893 930 935 nec
951 875 1222 935 lamentis
1246 893 1353 934 nec
1378 875 1643 952 precibus
1667 881 1896 952 patrem
1918 884 2090 934 tuum
2107 877 2323 935 excita-

254 955 335 1014 bis
357 974 429 1013 ex
453 955 596 1014 Orci
630 955 926 1015 commumi
949 954 1161 1030 palude
1179 978 1197 1011 z
1238 954 1341 1012 sed
1365 955 1558 1014 luctus
1579 953 1860 1013 excedens
1883 955 2146 1024 modum,
2176 974 2323 1014 moe-
2361 959 2478 1016 140

255 1036 366 1092 ιοι1
388 1031 658 1092 concedis
678 1033 1053 1097 ineluctabili,
1066 1050 1407 1111 semperque
1427 1050 1669 1111 gemens
1682 1033 1731 1091 is
1746 1041 1810 1090 te
1832 1031 2141 1110 perditum.
2179 1035 2325 1102 Cur,

257 1130 460 1189 quaeso,
485 1120 707 1172 sortem
742 1113 904 1189 cupis
933 1118 1057 1170 tam
1100 1111 1546 1180 intolerabilem,
1572 1112 1641 1171 ἰιι
1660 1129 1779 1190 qna
1799 1121 1999 1170 tamen
2032 1113 2325 1171 malorum

256 1201 482 1250 tuorum
507 1191 677 1250 nulla
699 1202 791 1249 est
808 1191 1071 1249 solutio?

322 1270 457 1328 EL.
487 1269 633 1329 Non
656 1271 869 1332 mentis
893 1277 981 1327 est
1003 1287 1179 1337 sanae,
1205 1271 1308 1363 qui
1343 1270 1654 1331 miserabili
1677 1275 1868 1330 morte
1906 1270 2325 1329 exstinctorum
2362 1274 2475 1334 14⁵

292 1355 563 1409 arentum
587 1348 958 1408 obliviscitur.
1002 1348 1116 1407 Sed
1139 1351 1339 1409 animo
1361 1367 1496 1409 meo
1520 1349 1864 1427 complacita
1884 1360 1976 1407 est
1995 1350 2325 1426 avisgeme-

255 1367 467 1496 {undm
492 1428 655 1486 Jovis
680 1428 907 1495 nuntia,
932 1445 1062 1505 quac
1098 1427 1252 1504 Ityn,
1290 1446 1521 1505 semper
1544 1429 1677 1505 Ityn
1712 1419 1897 1503 luget.
1972 1427 2030 1485 O
2055 1426 2324 1486 omnibus
2362 1432 2480 1493 150

256 1507 432 1564 modis
462 1508 787 1565 miserrima
809 1505 1021 1574 Niobe,
1049 1516 1129 1574 te,
1153 1516 1215 1564 te
1239 1506 1508 1586 equidem
1536 1524 1644 1583 pro
1669 1506 1800 1564 Dea
1822 1506 1971 1574 colo,
1998 1523 2129 1586 quae
2151 1524 2329 1565 saxeo
2396 1559 2404 1564 .

256 1586 314 1642 in
335 1586 607 1660 sepulcro
628 1601 857 1661 semper
879 1586 1173 1662 lacrymae.

325 1665 454 1723 CH.
494 1665 700 1741 Atqui,
727 1664 770 1720 ὁ
789 1663 929 1729 filia,
956 1663 1113 1723 haud
1135 1628 1246 1723 tibi
1267 1664 1605 1724 mortalium
1641 1664 1748 1722 soli
1774 1664 1984 1723 accidit
2006 1664 2325 1731 calamitas,

256 1761 424 1821 quam
448 1760 575 1800 non
598 1760 769 1820 aequo
791 1744 1000 1801 toleras
1024 1745 1241 1809 animo,
1266 1754 1339 1800 ut-
1361 1743 1444 1801 illi
1466 1745 1627 1801 intus
1649 1744 1738 1802 tui
1755 1761 1826 1801 co
2052 1744 2172 1801 inei
2191 1751 2326 1802 ortu
2363 1746 2481 1809 155

256 1822 453 1879 eodem
479 1822 778 1910 prognati,
801 1838 910 1879 nec
931 1824 1016 1879 ita
1040 1831 1099 1879 te
1132 1823 1305 1898 geris,
1332 1830 1403 1881 ut.
1428 1821 1859 1899 Chrysotbenns
1885 1830 1946 1880 et
2003 1789 2325 1899 phianassa,

255 1900 439 1958 occult
521 1918 596 1959 ue
620 1900 718 1958 ille
735 1896 1108 1972 ,iuventutem
1141 1918 1319 1994 agens
1344 1907 1405 1957 et
1437 1901 1639 1960 dolens
1680 1901 1874 1969 simul,
1901 1919 2076 1978 quem
2099 1900 2326 1959 felicem
2366 1906 2484 1965 160

253 1916 598 2055 amman
582 1979 812 2056 inclytae
834 1978 1096 2055 Mycenae
1120 1979 1407 2055 excipient
1433 1989 1678 2056 paterno
1694 1978 1919 2038 clarum
1936 1995 2174 2058 genere,
2194 1996 2329 2056 pro-
2474 2007 2479 2018 ·

254 2057 394 2133 pitio
411 2058 577 2116 Jovis
602 2057 826 2116 ductu
808 2074 873 2115 ιιι
895 2058 1047 2115 hanc
1064 2056 1267 2116 urbem
1293 2075 1589 2115 reversum
1611 2057 1877 2117 Oresten.

327 2135 455 2195 EL.
497 2136 691 2199 Quem
717 2153 831 2216 ego
850 2137 1065 2195 scilicet
1088 2136 1481 2194 indesinenter
1498 2144 1854 2211 exspectans,
1870 2137 1998 2194 sine
2022 2136 2255 2195 liberis
2238 2154 2328 2193 m-
2369 2139 2482 2196 165

251 2213 413 2283 felix,
437 2215 711 2291 innupta,
731 2217 1018 2292 perpetim
1043 2215 1374 2281 obambulo,
1398 2216 1661 2291 lacrymis
1681 2214 1939 2282 madens,
1963 2216 2332 2276 inexhaustas

253 2310 545 2353 aerumnas
566 2293 792 2351 ferens·
833 2294 933 2351 ille
958 2311 1095 2351 vero
1120 2293 1472 2352 obliviscitur
1507 2294 1849 2387 acceptique
1863 2312 1900 2351 a
1924 2311 2019 2352 me
2044 2293 2330 2359 beneficii,

258 2372 781 2453 mandatorumque
806 2390 935 2451 quoe
960 2371 1011 2429 ei
1039 2373 1190 2431 misi.
1264 2370 1423 2434 Quid
1443 2372 1602 2429 enim
1629 2390 1747 2429 non
1771 2371 1915 2430 mihi
1936 2372 2094 2430 venit
2116 2371 2244 2429 falsi
2255 2371 2330 2429 de
2372 2374 2489 2436 170
2592 2387 2607 2396 ‘

255 2469 323 2509 eo
361 2453 597 2511 nuntii?
641 2451 910 2530 Nainque
950 2470 1182 2528 semper
1223 2450 1463 2529 quidem
1503 2452 1703 2531 cupit.
1745 2453 1983 2528 cupiens
2024 2468 2163 2510 vero
2206 2467 2331 2511 non

255 2531 538 2608 dignatur
559 2548 817 2608 unquam
845 2533 1058 2589 venire.
1221 2578 1226 2583 ,

329 2609 460 2670 CH.
505 2609 751 2668 Confide
771 2610 935 2677 mihi,
961 2610 1206 2674 confide,
1235 2609 1387 2668 filia·
1430 2617 1521 2668 est
1542 2627 1791 2689 magnus
1814 2610 1881 2668 in
1903 2608 2052 2669 eoelo
2073 2609 2332 2703 Jupiter,

259 2689 353 2766 qui
394 2688 633 2764 inspicit
676 2697 737 2745 et
767 2689 1108 2747 moderatur
1149 2689 1382 2748 om‘nia.
1422 2690 1523 2748 cui
1565 2689 1920 2751 acerbiorem
1962 2689 2334 2749 committens
2374 2689 2489 2755 175

253 2769 418 2834 itam,
445 2782 642 2844 neque
664 2767 914 2825 inimicis
939 2767 1190 2826 nimium
1212 2784 1567 2835 succenseas,
1609 2785 1798 2844 neque
1834 2776 2034 2826 tamen
2065 2784 2188 2825 non
2212 2784 2335 2825 me·

254 2848 510 2905 mineris.
547 2845 808 2921 Tempus
829 2846 989 2911 enim
1007 2847 1190 2904 facilis
1213 2854 1302 2904 est
1325 2845 1507 2905 Deus.
1585 2845 1742 2904 Nam
1769 2863 1878 2905 nee
1902 2847 2005 2924 qui
2023 2863 2183 2904 nunc
2207 2863 2336 2922 pas·
2377 2848 2511 2905 180

253 2926 372 2984 cuis
421 2924 823 2985 abundantem
872 2926 1148 2988 Orisaeam
1191 2924 1416 2982 habitat
1465 2941 1630 2982 oram
1682 2924 1838 2984 filius
1881 2925 2338 3002 Agamemnonis

257 3021 559 3097 nunquam
584 3003 842 3063 reflectet
859 3003 1088 3082 pedem,
1108 3020 1295 3084 neque
1320 3002 1523 3061 Deus
1504 3019 1627 3080 ipse
1649 3004 1752 3082 qui
1770 3003 1927 3080 apud
1944 3003 2340 3071 Acheruntem

255 3082 334 3140 im
411 3092 526 3142 rat.

327 3100 456 3222 ᾗ.
497 3161 613 3220 Sed
638 3130 827 3225 mihi
799 3181 926 3236 Jam
941 3180 1158 3240 magna
1176 3166 1411 3239 peracta
1433 3180 1566 3238 pars
1585 3159 1718 3222 vitae
1741 3180 1870 3239 spes
1888 3162 2080 3222 irritas
2098 3162 2494 3229 foventi,185

255 3255 441 3320 neque
460 3242 713 3317 amplius
727 3242 1038 3300 obfirmare
1058 3256 1229 3318 queo,
1250 3260 1383 3318 quae
1398 3241 1734 3318 parentibus
1755 3241 1960 3301 orbata
1974 3241 2338 3306 contabesco,

261 3337 430 3396 quam
456 3321 656 3385 nullus
673 3321 891 3379 amicus
917 3327 1150 3392 tuetur3
1180 3320 1282 3378 sed
1299 3329 1578 3398 tanquam
1596 3321 1884 3413 inquilina
1900 3320 2185 3398 quaepiam
2211 3320 2342 3377 nul-

261 3397 365 3456 lius
404 3399 605 3475 pretii,
645 3400 829 3458 vitam
872 3399 1028 3476 dego
1069 3399 1249 3475 patris
1293 3399 1357 3457 in
1400 3401 1691 3467 thalamis,
1728 3398 1811 3458 sic
1852 3400 2089 3479 quidem
2112 3396 2344 3457 sordida
2378 3401 2501 3471 190

262 3480 475 3536 amicta
500 3490 688 3550 veste3
731 3479 923 3536 vacuis
945 3489 1145 3537 autem
1169 3477 1384 3536 adsisto
1408 3479 1813 3537 mensis..

336 3557 473 3617 CH.
511 3555 809 3615 Luctuosa
842 3574 981 3615 sane
1017 3557 1131 3615 fuit
1166 3557 1269 3614 illa
1288 3573 1420 3626 vox,
1447 3575 1578 3635 quae
1602 3556 1877 3617 reditum
1884 3555 2208 3615 nuntiavit·
2247 3554 2345 3614 lu·
2426 3612 2431 3619 .

256 3642 462 3694 ctuosa
482 3636 664 3693 etiam
709 3635 810 3693 illa
847 3637 1026 3712 patris
1063 3636 1131 3692 in
1170 3633 1432 3695 thalamo
1466 3636 1643 3704 edita,
1682 3632 1927 3729 quand&
1940 3652 2108 3694 aereae
2131 3635 2347 3693 secnr’u

249 3713 534 3773 adversus
571 3716 835 3773 incussus
873 3723 964 3772 est
998 3716 1169 3773 ictus.
1250 3713 1370 3773 Dol
1369 3732 1449 3773 us
1462 3715 1834 3809 excogitavit,
1860 3713 2090 3790 Cupido
2113 3712 2497 3782 occidit,195

257 3789 554 3853 horrenda
591 3795 753 3851 saevis
796 3794 864 3851 in
905 3794 1114 3852 animis
1158 3800 1442 3870 concepta
1486 3794 1649 3868 prius
1692 3793 1923 3851 sceleris
1962 3793 2187 3864 forma3
2229 3792 2348 3850 sive

263 3866 440 3936 Deus,
466 3874 588 3929 sive
613 3871 954 3931 mortalium
974 3872 1102 3951 quis
1119 3881 1266 3937 erat,
1292 3873 1393 3950 qui
1416 3871 1564 3929 illud
1588 3874 1854 3947 patravit.
2380 3881 2504 3936 200
2586 3904 2595 3909 ι
2668 3854 2677 3863 ’

337 3949 468 4009 EL.
510 3935 860 4009 Oomnium
900 3969 1040 4028 quas
1080 3951 1213 4017 vidi,
1251 3951 1821 4028 longeacerbissima
1853 3948 2010 4010 dies'
2053 3950 2110 4009 0
2146 3965 2286 4014 nox,
2311 3944 2350 4003 ὁ

268 4038 444 4089 eoenae
483 4029 749 4089 nefandoe
792 4029 1087 4088 horrenda
1129 4031 1443 4098 calamitas,
1482 4047 1598 4108 qua
1637 4037 1808 4106 pater
1841 4047 2005 4089 meus
2048 4043 2350 4105 oppressus
2383 4028 2508 4095 205

269 4105 400 4174 fuit,
421 4108 579 4167 foede
604 4117 840 4168 necatus
863 4127 902 4167 a
922 4109 1174 4187 geminis
1200 4108 1489 4175 manibus,
1528 4127 1660 4186 quae
1698 4110 1876 4167 vitam
1904 4124 2133 4187 quoque
2158 4121 2351 4164 meam

269 4188 555 4262 proditam
579 4189 867 4265 eripuere,
905 4204 1038 4265 quae
1073 4205 1170 4247 me
1206 4186 1469 4246 funditus
1492 4186 1829 4264 perdidere,
1873 4187 2081 4267 quibus
2120 4182 2354 4259 Jupiter

271 4279 517 4356 magnus
560 4267 870 4344 Olympius
911 4283 1082 4342 pares
1118 4265 1475 4324 calamitates
1520 4267 1836 4342 immittat3
1880 4283 2070 4357 neque
2094 4278 2355 4344 unquam
2382 4269 2511 4329 210

265 4341 380 4407 51115
405 4346 554 4408 bene
576 4349 671 4421 sit,
699 4345 803 4441 qui
826 4343 969 4410 ulia
992 4352 1408 4426 perpetrarunt
1429 4344 1723 4414 tachow
