3017 4900
698 275 846 360 '154
960 335 971 346 .
1171 269 1175 276 ’
1474 253 2012 388 immonis.

561 461 686 524 ³20
791 459 918 520 cR.
954 453 1120 517 vah!
1163 473 1342 542 quam
1369 455 1541 518 nimis
1564 455 1834 536 garrulus
1859 454 1955 515 es!
2297 473 2306 482 ·

796 537 1017 612 CUST.
1054 533 1281 596 'Tamen
1306 538 1417 594 hoc
1443 538 1647 594 saltem
1671 537 1893 594 facinus
1919 551 2219 614 nunquam
2242 535 2523 618 commisi.
2605 555 2612 574 ¹

795 619 927 677 CR:
967 617 1181 692 Utique
1208 616 1437 693 argenti
1458 613 1734 696 cupidine
1761 615 1937 673 vitam
1965 609 2289 691 projiciens.
2393 633 2400 642 ’

796 695 1013 756 CUST.
1057 693 1216 754 Vah!
1267 695 1485 753 malum
1525 705 1613 751 est
1653 693 1930 779 profecto,
1974 694 2023 751 si
2065 694 2390 774 suspiceris,
2421 691 2573 752 falsa
2601 692 2814 773 *suspip

716 793 855 836 carl.
1188 783 1200 796 ⁴
2399 787 2404 798 ⁶
2529 789 2540 795 ·

776 854 923 913 CR.
961 853 1056 912 De
1098 853 1420 930 suspicione
1458 857 1732 929 argutare
1782 851 2180 931 quantumvis:
2223 851 2324 910 sed
2373 851 2484 910 nisi
2521 851 2649 912 haec
2702 851 2813 929 qui

568 932 963 1028 325'2fecerint
1001 933 1417 999 monstrabitiS,
1443 931 1670 1008 esperti
1705 925 2031 990 fatebimini
2073 929 2241 989 malss
2279 949 2354 991 ex
2391 931 2565 989 lucris
2590 929 2816 1023 damn}

718 1014 1021 1149 gigCnUST.
1056 1089 1317 1150 Maxime
1342 1105 1480 1147 sane
1506 1085 1681 1146 velim
1706 1087 2070 1148 inveniatur:
2112 1079 2374 1146 attamen
2409 1087 2810 1163 deprehensus

720 1171 900 1229 fucrit
928 1187 1034 1228 nec
1057 1187 1154 1236 ne,
1181 1169 1290 1225 hoc
1316 1170 1474 1226 enim
1498 1168 1737 1224 fortuna
1760 1164 2119 1241 dijudicabit,
2160 1185 2281 1225 non
2319 1174 2406 1223 est
2430 1177 2498 1223 ut
2522 1166 2715 1231 videas
2740 1175 2816 1224 tu

568 1252 690 1310 330
723 1267 817 1307 me
861 1249 975 1306 huc
1015 1264 1332 1306 reversum.
1411 1246 1652 1304 Etenim
1691 1263 1850 1305 nunc
1891 1253 2106 1322 praeter
2147 1263 2311 1324 spem
2354 1242 2813 1324 opinionemque

721 1346 912 1387 meam
936 1334 1211 1394 servaturi,
1236 1327 1504 1403 ingentes
1532 1320 1715 1384 debeo
1739 1323 1866 1382 Diis
1890 1326 2124 1402 gratias.
2271 1323 2276 1326 ’
2457 1345 2468 1352 ·
2575 1327 2582 1334 “
2715 1348 2724 1354 ·

712 1424 723 1430 ’
777 1406 929 1465 ‘CI-I·
973 1405 1165 1464 Multa
1187 1405 1423 1482 quidem
1446 1412 1587 1461 sunt
1612 1403 1933 1475 mirabilia,
1980 1404 2121 1472 nihil
2150 1420 2286 1462 vero
2304 1402 2542 1464 homine
2568 1402 2814 1460 mirabi-

567 1490 688 1546 335
719 1485 830 1543 lius
856 1494 958 1542 est.
994 1529 997 1530 ν
1041 1483 1336 1562 Continuo
1375 1473 1589 1541 canu'm
1613 1483 1772 1540 ultra
1803 1481 2055 1559 pontum
2097 1483 2416 1560 procelloso
2439 1471 2620 1542 mite
2657 1489 2812 1540 noto

562 1565 573 1572 '
720 1565 926 1632 fertur,
970 1561 1500 1620 circumfrementes
1544 1561 1942 1620 transmittens
1975 1561 2202 1620 fluctus.
2277 1561 2435 1620 Tum
2469 1563 2811 1635 supremam

2591 432 2794 486 ..ᾗ

424 1645 438 1662 “
546 1641 689 1714 q&40
720 1641 931 1708 Deam,
974 1637 1272 1699 Tellurem
1308 1637 1717 1705 immortalem,¹
1762 1640 2127 1706 indefessam,
2168 1649 2398 1698 exercet
2440 1637 2814 1704 circumsedit

720 1723 924 1779 aratris
949 1738 1053 1800 per
1076 1720 1337 1797 singulos
1362 1735 1567 1786 annos,
1591 1720 1805 1798 equino
1827 1717 2045 1796 genere
2072 1736 2318 1778 versans.
2339 1715 2603 1778 ‘Levium
2622 1719 2811 1776 etiam

567 1805 686 1859 345
714 1811 904 1877 genus
929 1801 1125 1857 avium
1152 1799 1400 1856 cassibus
1438 1797 1860 1856 circumdatum
1899 1798 2153 1865 abducit,
2194 1799 2622 1875 agrestiumque
2652 1796 2815 1858 fiem-

560 1917 567 1928 -
720 1897 855 1937 rum
877 1878 1063 1945 saecla,
1092 1878 1368 1956 pontique
1402 1879 1688 1935 marinam
1728 1877 1988 1934 sobolem
2027 1878 2189 1935 nexis
2215 1877 2429 1934 retium
2451 1875 2692 1953 laqueis,
2717 1876 2829 1933 vi*

567 1958 709 2013 350'
718 1956 993 2034 praeditus
1017 1958 1282 2015 solertiaz
1313 1956 1660 2033 edomatque
1684 1957 1908 2014 artibus
1924 1964 2220 2034 agrestem
2245 1955 2496 2012 belluam
2514 1954 2812 2011 montiva-

714 2055 876 2115 gam,
885 2031 1275 2115 jubatumque
1291 2054 1507 2113 equum
1528 2044 1589 2094 et
1608 2044 1955 2094 montanum
1970 2035 2322 2094 indomitum
2342 2033 2576 2096 taurum
2585 2027 2810 2114 jugum

718 2116 911 2190 subire
928 2116 1108 2196 cogit,
1126 2115 1441 2173 cervicibus
1465 2114 1823 2190 impositum.
1884 2114 2045 2180 Quin
2060 2112 2290 2171 'dicendi
2306 2112 2812 2180 artemrsublimif-

566 2192 686 2249 355
709 2212 933 2270 umque
951 2212 1150 2256 rerum
1169 2195 1470 2252 scientiam
1496 2202 1557 2250 et
1571 2193 1766 2252 'civiles
1786 2209 1975 2251 mores
1994 2191 2215 2259 didicit,
2236 2191 2364 2249 tum
2380 2192 2557 2250 etiam
2574 2190 2812 2250 inhabi-

570 2320 577 2326 .
719 2273 911 2331 tabills
930 2269 1183 2350 glacialis
1201 2272 1437 2349 frigoris
1454 2273 1731 2329 imbrium
1772 2291 1843 2328 ue
1862 2269 2141 2330 subdialia
2158 2269 2278 2328 tela
2288 2270 2512 2347 fugerez
2557 2270 2649 2327 Ad
2665 2268 2810 2327 oni‘-

567 2351 690 2406 360
716 2353 818 2410 nia
833 2352 1188 2429 ingeniosuS,
1203 2352 1391 2408 futuri
1410 2349 1699 2427 providus,
1719 2368 1754 2406 a
1807 2350 1970 2407 omui
1987 2345 2097 2406 sibi
2112 2356 2392 2425 praecavet
2411 2348 2595 2406 malo:
2622 2348 2808 2406 solius

715 2429 857 2490 Orci
878 2429 1161 2509 effugium
1205 2429 1465 2488 invenire
1503 2445 1624 2487 non
1650 2428 1835 2491 valet:
1877 2427 2193 2491 difficilium
2236 2435 2433 2487 tamen
2460 2428 2809 2489 morborum

565 2507 685 2569 365
712 2510 973 2568 remedia
997 2508 1364 2585 excogitavit.
1444 2507 1722 2573 callidus,
1760 2508 1916 2565 ultra
1949 2526 2125 2585 quam
2148 2526 2175 2564 s
2250 2509 2368 2565 rari
2394 2508 2591 2583 possit,
2618 2508 2811 2585 quod·-

575 2586 617 2615 '‘
715 2589 797 2645 vis
824 2594 968 2665 opus
994 2587 1242 2646 artificio
1266 2586 1564 2662 perficere,
1589 2585 1770 2657 modq
1792 2588 2028 2651 bonum,
2060 2526 2249 2645 moise?
2259 2600 2504 2663 pravum
2532 2594 2812 2647 sectatur.

696 2666 905 2742 ’Leges
932 2665 1238 2722 observans
1274 2666 1500 2741 patriae,
1542 2664 1907 2743 vindicesque
1943 2661 2329 2738 jurisjurandi
2367 2665 2581 2722 veritus
2611 2666 2806 2733 Deos,

560 2750 688 2816 3¹50
715 2744 931 2801 'civibus
956 2744 1074 2801 suis
1105 2744 1425 2801 honoratus
1458 2749 1579 2801 est:
1622 2750 1686 2802 at
1727 2745 1957 2803 civitate
1995 2744 2206 2821 dignus
2245 2741 2399 2817 ejici,
2425 2744 2477 2799 si
2512 2743 2640 2822 quis
2673 2746 2809 2804 sinc

454 2886 461 2890 ,
548 2820 575 2844 “’
608 2836 614 2845 ·
714 2822 837 2881 ullo
860 2822 1092 2880 honesti
1122 2830 1388 2898 respectu
1413 2823 1487 2881 ad
1512 2839 1688 2880 omne
1723 2823 1947 2882 facinus
1980 2831 2069 2880 est
2099 2822 2289 2881 audax
2304 2846 2321 2879 a
2357 2839 2474 2891 uec
2497 2823 2653 2881 idem
2677 2840 2813 2881 me-

565 2910 685 2972 375
715 2915 852 2958 cum
878 2908 1099 2958 tectum
1123 2900 1345 2967 subeat,
1371 2918 1480 2958 nec
1504 2918 1737 2960 mecum
1761 2902 2022 2959 conferat
2045 2902 2307 2969 consilia,
2333 2902 2519 2979 quise
2542 2901 2616 2960 ad
2645 2903 2811 2963 hunc

714 2980 956 3042 modum
979 2980 1151 3057 gerit.
1220 2980 1297 3038 At
1321 2979 1396 3037 ad
1420 2980 1559 3058 quid
1583 2980 1696 3039 hoc
1720 2994 1841 3038 esse
1852 2980 2054 3060 ⁸dicam
2079 2982 2296 3039 mirum
2318 2978 2652 3039 ostentum?
2693 2981 2809 3039 du-

714 3057 845 3116 bius
879 3060 1105 3129 haereoz
1153 3060 1258 3136 qui
1278 3067 1512 3134 ‘potero'
1549 3057 1766 3117 infitias
1801 3060 1888 3118 ire
1925 3059 2094 3130 hanc,
2126 3048 2301 3136 quam
2324 3058 2492 3115 video
2526 3058 2809 3135 puellam,

566 3146 689 3209 380
715 3137 1074 3217 Antigonam
1099 3139 1257 3194 esse?
1288 3136 1345 3192 Ο
1370 3139 1601 3204 misera,
1627 3144 1688 3194 et
1712 3138 1924 3195 misero
1947 3147 2112 3214 patre
2131 3136 2424 3212 OEdipode
2448 3146 2605 3204 nata,
2633 3137 2814 3214 quid·

584 3230 588 3236 ’
716 3232 856 3289 nam
884 3216 1041 3273 istud
1056 3217 1193 3272 est?
1235 3216 1409 3274 Anne
1440 3223 1525 3272 te·
1545 3216 1644 3272 isti
1676 3214 1971 3274 adducunt
2001 3215 2431 3295 regis·imperio
2463 3216 2807 3297 immorige-

550 3346 555 3349 .
716 3312 863 3361 ram,
891 3302 950 3351 et
976 3295 1040 3353 in
1064 3295 1284 3353 amenti
1310 3294 1732 3368 deprehensam
1749 3297 1935 3351 auso?
2005 3316 2012 3324 ·
2189 3308 2194 3315 ·
2291 3320 2298 3324 -
2777 3311 2784 3319 ·

528 3372 543 3393 ”
565 3360 684 3439 έὲῦ
718 3403 740 3432 .·
769 3370 1014 3431 CUST.
1057 3372 1203 3429 Hoec
1240 3378 1330 3430 est
1371 3373 1490 3439 illa,
1519 3388 1649 3450 quae
1685 3373 1926 3430 facinus·
1964 3372 2246 3452 patravit:
2289 3373 2661 3454 ipsam-hanc
2698 3362 2806 3432 de-

714 3451 1129 3534 prehendimus
1152 3451 1545 3527 sepelientem.
1579 3468 1584 3477 ·
1629 3451 1744 3508 Sed
1766 3450 1867 3509 ubi
1894 3462 1981 3508 est
2007 3450 2238 3508 Creon?
2319 3466 2346 3483 ·¹
2433 3490 2440 3498 -
2631 3483 2644 3495 ι
2775 3472 2783 3484 ·

720 3596 733 3607 Ι
795 3530 926 3591 CH.
968 3529 1191 3586 Eccum
1216 3537 1548 3606 opportune
1574 3530 1770 3586 rursus
1795 3529 2168 3607 progreditur
2189 3530 2372 3588 foras.

795 3609 920 3666 cR.
963 3608 1123 3670 Quid
1147 3604 1273 3665 est?
1315 3604 1546 3686 Ecquid
1568 3609 1821 3689 contigit
1845 3609 1982 3666 satis
2006 3627 2079 3669 ex
2103 3608 2432 3666 sententia?
2503 3645 2513 3657 ·

795 3686 1014 3746 CUST.
1058 3686 1209 3752 Rex,
1264 3687 1603 3747 mortalibus
1653 3686 1801 3745 nihil
1846 3694 1933 3743 est
1982 3682 2372 3758 abjurandum
2390 3710 2406 3742 a
2477 3704 2617 3746 nam

716 3768 878 3844 prius
901 3766 1100 3827 animo
1132 3765 1404 3823 sederant
1444 3780 1691 3841 sequens
1734 3767 1942 3822 evertit
1972 3766 2255 3841 cogitatio
2270 3791 2286 3823 a
2332 3705 2807 3845 quandoqxfiff'ess

559 3852 689 3911 390
718 3844 1078 3905 confidenter
1099 3861 1213 3920 ego
1234 3843 1672 3919 spopondissem
1715 3859 2014 3920 nunquam
2057 3862 2151 3901 me
2187 3846 2302 3902 huc
2338 3844 2686 3913 rediturum,
2725 3846 2807 3904 ob

718 3925 905 3982 minas
929 3930 1059 3979 tuas
1081 3922 1230 3989 illae,
1257 3923 1464 3999 quibus
1487 3939 1585 3977 me
1609 3928 1792 3978 antea
1815 3923 2190 3980 conturbasti.
2267 3922 2491 4005 ngm
2515 3924 2681 3983 nulla
2704 3942 2807 3981 vo-

716 4004 909 4078 luptas
934 4010 1022 4059 est
1047 4008 1231 4069 tanta,
1259 4019 1445 4081 quam„
1461 4016 1594 4076 quae
1618 4000 1939 4075 percipitur
1961 4019 2036 4057 ex
2060 4002 2149 4065 ins
2220 4002 2585 4078 ratogaudio
2604 4027 2620 4059 z
2663 4018 2807 4080 pro-

567 4088 684 4147 395
719 4081 852 4140 inde
874 4081 1060 4143 venio,
1081 4080 1217 4136 licet
1235 4086 1598 4137 sacramento
1615 4073 2034 4155 abjuraverim,'
2049 4096 2159 4155 pue
2183 4079 2299 4137 lam
2318 4080 2470 4137 h‘a'nc
2487 4081 2806 4148 adducente,

649 4215 655 4220 .
716 4179 847 4238 quae
873 4158 1232 4233 deprehensa
1256 4165 1343 4213 est
1367 4157 1632 4219 cadaveri
1655 4158 2011 4233 sepulturam
2044 4174 2270 4234 parans.
2351 4159 2487 4216 Sors
2512 4159 2611 4217 hic
2639 4157 2805 4234 jacta

715 4257 837 4296 non
863 4238 1006 4295 fuit:
1051 4235 1150 4292 sed
1178 4252 1375 4292 meum
1400 4246 1507 4296 est,
1548 4251 1670 4295 non
1713 4235 1881 4300 alius,
1911 4236 2187 4315 quidquid
2212 4237 2488 4295 nuntium
2517 4239 2628 4296 hoc
2650 4236 2804 4301 lucri

715 4318 935 4386 afferet.
1012 4313 1096 4373 Et
1123 4331 1299 4383 nunc,
1325 4331 1449 4382 rex,
1476 4315 1629 4375 hanc
1659 4308 1786 4392 ipse
1804 4315 2151 4395 prehensam
2178 4316 2591 4403 interroga‚·ut
2616 4317 2813 4391 lubet,

1603 4439 1610 4445 .
2081 4443 2087 4448 ,
2392 4423 2400 4436 ·
2423 4428 2430 4434 ·
2453 4426 2470 4437 ‘·
2532 4426 2564 4443 vv
2648 4420 2660 4436 ⁴
2735 4440 2740 4445 .
2765 4436 2774 4445 x
2789 4430 2803 4455 5

2777 541 2792 564 ι
2901 530 2927 560 Ι
