3017 4900
709 307 738 342 κ
814 305 820 312 “
988 231 1975 386 ΡΗΙΙ,()<,3’1ἾΞ’1Ἐ8Γ.ἱ
2262 304 2394 368 235

313 460 603 523 -ULYS.
642 462 894 525 Discede
933 474 1022 534 tu,
1050 481 1162 525 nee
1196 457 1392 527 iilum
1403 469 1646 545 respice,
1672 477 1990 545 generosus
2027 471 2105 530 sis
2110 471 2280 537 lieet,
2310 491 2387 533 ne

285 552 559 601 nostram
582 544 882 603 fortunam
904 563 1263 622 corrumpas.

304 622 584 680 UPHIL
625 626 721 680 An
761 633 824 681 et
859 643 896 684 a
921 626 1079 682 vobis
1105 642 1355 703 quoque,
1382 587 1668 703 hospites,
1689 628 1772 684 ita
1809 625 2090 722 desertus,
2123 625 2252 702 jam
2290 638 2573 702 rte-1070
2715 713 2721 720 ⁶

281 698 548 777 linquar,
575 703 684 759 ‘nee
709 720 808 760 vos
833 704 1126 761 miserebit
1152 706 1306 771 mei?

367 779 502 839 CH.
545 780 662 838 Hic
686 782 1015 850 adolescens
1040 790 1253 840 nostrae
1280 782 1440 839 navis
1463 783 1775 858 imperium
1800 784 2062 842 obtinet:
2105 801 2378 865 quaecun

282 876 404 935 que
429 860 527 915 ille
553 860 825 936 loquatur
848 863 976 928 tibi,
1000 862 1202 921 eadem
1230 862 1340 918 tibi
1365 879 1472 917 nos
1498 877 1730 939 quoque
1754 862 2016 921 dicimus.
2444 879 2449 886 ·

366 936 661 997 NEOPT.
700 939 916 1017 Utique
942 942 1038 999 hic
1061 959 1157 998 me
1181 940 1590 998 criminabitur
1611 942 1802 998 mollis
1827 960 1949 999 esse
1972 942 2155 1002 animi
2178 951 2241 1003 et
2265 947 2376 1003 mi

276 1016 598 1075 sericordia
637 1016 829 1092 pleni.
862 1028 1076 1080 -tamen
1115 1028 1366 1084 manete,
1393 1020 1443 1077 si
1467 1019 1552 1075 ita
1575 1021 1764 1077 visum
1801 1028 1890 1078 est
1927 1022 2043 1088 isti,
2069 1025 2370 1104 tantisper,
2411 1031 2560 1093 101
2527 1053 2564 1088 0

275 1093 475 1151 dmee
497 1098 732 1154 nautica
755 1099 1145 1157 instrumenta
1165 1103 1525 1174 componant
1547 1099 1776 1165 navitae,
1800 1105 1865 1156 et
1889 1098 2017 1158 Diis
2041 1108 2176 1159 vota
2200 1102 2373 1164 fficia-

275 1189 433 1232 mns.
513 1174 690 1232 Forte
731 1176 831 1233 ille
877 1177 1116 1235 interibi
1154 1178 1506 1235 sententiam
1549 1177 1614 1242 in
1656 1173 1866 1238 melius
1897 1179 2149 1237 mutabit
2183 1181 2370 1241 nobis.

276 1248 411 1308 Nos
443 1252 636 1331 igitur
669 1254 788 1311 duo
819 1250 949 1326 jam
985 1256 1248 1315 abimus:
1292 1273 1392 1314 vos
1434 1263 1655 1324 autem,
1693 1251 1871 1315 simul
1911 1276 1979 1315 ac
2016 1258 2369 1329 vocabimus,
2408 1261 2564 1322 loso
2626 1339 2632 1356 .

277 1330 482 1387 adeste
507 1333 625 1389 citi.

361 1408 577 1474 PHIL.
617 1410 674 1467 Ο
696 1429 849 1470 cavae
875 1412 1037 1487 rupis
1069 1412 1451 1479 domicilium,
1475 1412 1730 1470 calidum
1763 1412 1926 1471 idem
1964 1421 2027 1472 et
2063 1416 2365 1494 frigidum,

274 1492 346 1545 te
366 1503 513 1565 crgo
536 1492 838 1567 nimquam
862 1493 1168 1550 relicturus
1193 1509 1374 1556 eram,
1400 1492 1439 1549 ὁ
1464 1491 1677 1549 miser!
1722 1492 1824 1549 sed
1857 1489 2004 1552 mihi
2040 1495 2216 1553 etiam
2238 1499 2556 1557 nno-1085

271 1567 461 1624 rienti
482 1570 857 1627 commodum
877 1579 937 1627 te
959 1569 1259 1646 praebebis.
1299 1569 1419 1634 Hei
1442 1571 1590 1628 mihi
1609 1570 1699 1629 bis
1715 1570 1955 1649 terque!
1998 1571 2057 1628 Ο
2078 1589 2368 1632 aerumna-

267 1647 413 1706 rum
441 1664 701 1705 mearum
728 1650 1129 1724 plenissimum
1158 1651 1363 1707 infelix
1400 1656 1657 1715 antrum,
1685 1652 1815 1727 quis
1853 1650 1968 1708 erit
2002 1652 2150 1708 mihi
2174 1649 2367 1729 quoti·

269 1724 486 1781 dianus
526 1727 749 1784 vietus?
792 1745 966 1805 quem
1004 1728 1243 1787 demum
1289 1728 1589 1790 nanciscar
1629 1729 1877 1787 altorem
1916 1730 2141 1790 miser?
2179 1732 2558 1794 unde-1090

269 1819 417 1860 nam
444 1821 573 1879 spes
596 1806 790 1899 aliqua
810 1806 1092 1884 affiilgeat
1112 1807 1295 1866 mihi.
1282 1808 1302 1846 ²
1386 1805 1630 1865 Utinam
1654 1809 1839 1865 acutis
1861 1807 2169 1866 stridentes
2205 1811 2365 1867 clan-

267 1882 519 1958 goribus
558 1886 797 1942 marinae
840 1885 1115 1963 Harpy'iae
1153 1885 1461 1945 sublimem
1506 1902 1604 1943 me
1641 1902 1748 1961 per
1779 1888 2000 1945 aethera
2034 1887 2358 1964 abripiant!

266 1977 396 2017 non
421 1962 582 2019 enim
605 1964 855 2038 amplius
881 1965 1093 2022 durare
1120 1982 1370 2041 possum.

352 2038 486 2097 CH.
524 2040 618 2098 Tu
639 2043 911 2117 quidem
894 2061 1018 2119 ipse
1034 2043 1141 2100 tibi
1157 2013 1551 2101 calamitatem
1569 2042 1722 2100 hanc
1738 2043 2082 2109 conscivisti,
2102 2045 2141 2104 0
2160 2045 2550 2109 miser-1095
2620 2069 2629 2074 ’

262 2116 441 2186 rime,
476 2137 584 2176 nee
617 2121 856 2181 aliunde
899 2140 936 2179 a
971 2124 1298 2198 potentiore
1342 2138 1640 2199 quoquam
1683 2122 1819 2179 huic
1861 2122 1986 2178 fato
2016 2123 2357 2197 implicat-ie.

262 2196 473 2258 Quum
497 2199 656 2257 enim
690 2201 984 2276 sapienter
1021 2201 1129 2259 tibi
1166 2200 1468 2259 consulere
1505 2217 1720 2277 posses,
1745 2201 1890 2257 sorti
1928 2200 2158 2258 meliori
2188 2199 2359 2278 pejo-
2396 2207 2552 2263 1100

261 2273 400 2334 rein
471 2278 756 2337 raetuiisti.
1349 2309 1360 2318 «

347 2295 566 2414 Pli’u..
606 2356 662 2413 O
686 2364 779 2414 ter
802 2364 1117 2454 quaterque
1142 2357 1423 2415 miserum
1457 2373 1576 2425 me,
1601 2356 2062 2451 gravissimisque
2083 2350 2358 2416 aerumnis

259 2434 624 2502 confectum,
653 2437 753 2514 qui
777 2438 851 2496 ab
875 2438 1037 2497 omni
1064 2437 1275 2495 dehinc
1311 2436 1626 2495 hominum
1662 2436 1959 2495 consortio
1995 2433 2546 2514 segregaan,1105

258 2513 429 2572 nolus
472 2513 570 2571 hic
604 2516 871 2574 habitans
905 2518 1086 2574 miser
1117 2517 1338 2592 peribu,
1374 2516 1491 2582 hei,
1524 2514 1657 2573 hei!
1701 2516 1834 2609 cibo
1864 2532 2067 2573 carens
2100 2530 2352 2592 prorsus,

255 2608 373 2649 nec
396 2593 615 2652 victum
641 2596 892 2671 amplius
911 2595 1426 2672 mihi-comparans
1456 2594 1626 2652 alatis
1756 2595 1879 2651 ttis
1897 2592 2088 2652 valida
2112 2596 2356 2653 directis
2392 2603 2548 2658 1110

253 2687 480 2730 manua
523 2672 626 2729 sed
664 2688 762 2730 me
798 2676 1125 2751 improvisa·
1146 2674 1491 2752 occultaque
1529 2671 1685 2730 dieta
1850 2672 2107 2732 dulemae
2145 2677 2355 2732 mentis

249 2748 542 2810 fefellere.
623 2752 868 2811 Utinam
906 2754 1092 2828 illum,
1132 2754 1233 2829 qui
1271 2754 1397 2811 haec
1439 2752 1808 2811 machinatus
1849 2761 1960 2821 est,
2001 2762 2170 2813 tanto
2204 2761 2356 2812 tem·

243 2840 405 2907 pore
429 2830 658 2889 videam
682 2849 952 2890 meorum
975 2837 1307 2925 compotem
1330 2830 1634 2890 dolorum!
2391 2840 2547 2896 1115

342 2907 478 2967 CH.
517 2908 758 2968 Numen
804 2898 1080 2969 Deorunf
1113 2912 1179 2968 in
1221 2911 1374 2968 hane
1415 2918 1478 2967 te
1515 2909 1906 2968 calamitatem
1949 2909 2188 2975 invexit,
2228 2926 2353 2969 non

251 2985 430 3044 dolus
453 3005 588 3046 mea
609 3006 790 3049 manu
814 3001 1086 3047 structus.
1157 2989 1331 3047 Diras
1351 2987 1757 3064 infaustaeque
1777 2998 1907 3044 tuas
1931 2990 2352 3047 exseemionss
2390 2995 2549 3053 1120

218 3064 225 3071 '
252 3073 423 3122 verte
446 3067 513 3124 in
535 3067 697 3127 alios.
773 3067 908 3128 Hoc
932 3070 1150 3127 etenim
1165 3085 1332 3126 eurae
1355 3066 1505 3131 mihi
1526 3076 1634 3135 ost,
1661 3076 1737 3124 ne
1760 3065 2223 3126 benevolentiam
2249 3069 2353 3127 ab·

244 3139 738 3282 ’ᾗἰείῗεΗῙΙΠῙΫΠξ-Ιιιίν
759 3224 937 3283 mihi!
983 3242 1141 3283 nunc
1177 3224 1390 3287 alicubi
1427 3240 1581 3282 cano
1617 3224 1794 3281 maris
1832 3223 1897 3280 in
1932 3223 2105 3281 litore
2143 3224 2351 3283 sedens

250 3300 414 3359 ridet
451 3321 568 3370 me,
594 3320 777 3362 manu
821 3305 1086 3382 quatiens
1130 3320 1330 3362 meam
1378 3303 1577 3361 miseri
1614 3303 1859 3360 altorem
1903 3319 2127 3368 arcum,
2173 3320 2348 3378 quem
2386 3300 2539 3368 112⁵

157 3374 176 3395 ’“
251 3396 439 3438 nemo
473 3384 723 3457 gestavit
756 3400 1037 3460 uuquam.
1115 3383 1174 3439 O
1196 3384 1382 3441 amice
1406 3398 1594 3448 arcae,
1619 3382 1660 3438 ὁ
1683 3380 1889 3438 amicis
1904 3387 2135 3438 extorte
2154 3381 2346 3441 mani

249 3457 385 3526 bus,
423 3461 707 3521 nimirum
744 3462 1207 3520 miseritudinem
1248 3478 1369 3536 prae
1404 3469 1465 3517 te
1501 3461 1637 3528 fers,
1664 3461 1714 3517 si
1738 3477 1854 3536 qua
1890 3459 1999 3516 tibi
2032 3475 2203 3516 mens
2236 3467 2347 3527 est,
2384 3467 2545 3522 1180

247 3555 443 3614 quum
484 3538 677 3598 videas
713 3557 1108 3599 aerumnosum
1148 3539 1422 3598 Herculis
1458 3555 1847 3597 successorem
1871 3548 1930 3596 te
1957 3554 2082 3594 non
2103 3552 2351 3596 usurum

248 3618 530 3691 posthac3
573 3618 677 3677 sed
716 3627 948 3679 mutato
976 3618 1217 3677 domino
1239 3618 1460 3677 versuti
1486 3619 1592 3675 viri
1617 3612 1884 3675 manibus
1909 3616 2197 3682 tracteris
2218 3623 2343 3673 tur·
2383 3625 2534 3680 1135

245 3713 352 3771 pes
392 3713 640 3755 cernens
676 3697 929 3766 fraudes,
970 3699 1414 3773 tristificumque
1453 3706 1515 3754 et
1558 3698 1811 3754 invisum
1851 3711 2095 3752 cernens
2133 3695 2347 3762 vitum,

249 3777 451 3851 turpia
481 3794 556 3834 ex
594 3777 861 3851 turpibus
898 3777 1170 3835 edentem
1212 3777 1463 3843 infinita,
1491 3780 1711 3852 quanta
1750 3774 1816 3830 in
1849 3791 1946 3830 me
1983 3772 2352 3831 machinatus

247 3858 338 3911 est
365 3855 523 3912 mala
547 3854 799 3932 Ulysses.

313 3931 466 3990 CH.
504 3934 668 3992 Boni
683 3935 920 4010 quidem
944 3933 1055 3991 viri
1085 3939 1195 4000 est,
1221 3950 1355 4010 quae
1382 3926 1547 4004 justa
1581 3936 1741 3997 sunt,
1765 3936 1966 4012 aperte
2002 3928 2242 4004 profari,
2281 3935 2344 3986 et
2379 3938 2539 3993 1140

248 4027 435 4088 quum
460 4011 676 4072 dixerit
705 4013 873 4077 alius,
900 4030 1022 4070 non
1046 4012 1336 4088 petulanti
1360 4011 1567 4088 lingua
1586 4006 1939 4067 invidiosum
1958 4009 2143 4066 animi
2179 4006 2343 4065 dolo·

246 4106 379 4148 rem
420 4093 764 4171 exprimere.
843 4090 950 4148 llle
975 4107 1117 4148 vero
1149 4106 1306 4149 unus
1344 4089 1419 4148 ab
1465 4090 1631 4145 omni
1672 4088 1932 4145 exercitu
1968 4087 2358 4191 eonstitutus,

245 4165 429 4241 hujus
452 4163 700 4228 consilio
722 4187 860 4227 usus
884 4186 1262 4231 communem
1285 4167 1425 4226 tulit
1447 4167 1616 4224 sociis
1641 4183 1832 4243 opem.
2378 4173 2533 4231 1146

327 4247 547 4306 PHIL.
591 4250 650 4306 Ο
695 4258 933 4308 venatus
983 4249 1210 4312 alitum,
1257 4246 1797 4323 indomitarumque
1846 4243 2014 4302 saecla
2064 4242 2340 4306 ferarum,

253 4342 391 4404 qm
416 4328 544 4391 haee
566 4328 677 4388 alit
698 4329 870 4407 regio
885 4328 1247 4399 monticolae,
1266 4324 1572 4469 siffido
1594 4342 1630 4381 e
1653 4324 1848 4385 lustris
1872 4320 2199 4400 praeibitis,
2219 4335 2354 4387 uon

2618 4217 2658 4243 6-
