3017 4900
626 241 816 312 uses
855 209 858 216 ’
1362 237 2075 311 ..ymmo-rmus
2102 247 2106 254 ·

752 414 1072 476 2.an
1094 415 1192 475 As
1210 385 1340 474 tibi
1346 416 1603 494 quidem,
1634 417 1867 510 hospes·
1900 437 2035 494 pro·
2051 437 2122 477 ea
2156 433 2301 496 qua
2292 407 2483 482 mihi
2496 413 2786 495 prbspiu'b

558 531 568 546 ·
605 545 612 550 .
684 459 1107 561 benevolentia,
1152 496 1446 571 condigna
1477 497 1647 571 apud
1678 499 1803 560 ine,
1836 499 1961 556 nisi
2006 497 2325 573 improbus
2342 497 2480 565 sim,
2520 497 2788 573 reposita

673 574 947 633 manebit
972 575 1180 667 gratia.
1259 574 1681 632 Verumtamen
1700 576 1869 652 quod:
1880 577 2037 635 dixti
2058 577 2291 636 declara
2308 576 2476 643 mihi,
2502 579 2575 633 ut
2598 576 2782 634 seam

538 657 658 712 560
616 652 829 730 oquid
849 653 989 710 mvi
1013 653 1241 710 ἐοιιειιιι
1265 652 1340 710 ab
1361 653 1593 729 Argivis
1618 653 1806 724 affere.
1924 689 1931 698 ·

757 731 1017 790 MERC.
1035 732 1305 800 Abiere,
1300 732 1419 810 qui
1454 740 1516 790 te
1541 717 1718 792 classe
1742 687 2576 812 persequanmr,Phoe1iixque
2596 745 2786 791 senex

675 816 750 872 et
772 810 986 868 Thesei
1003 811 1128 868 filii

677 921 684 930 ·
765 888 1057 950 NEOPT.
1097 889 1269 956 Vune,
1295 907 1376 947 an
1397 890 1586 948 verbis
1610 909 1719 949 me
1732 890 2074 950 abducturi.
2059 893 2080 932 ²
2256 933 2263 942 .

679 1007 686 1014 -
766 967 1018 1026 MERC.
1057 968 1237 1026 Haud
1261 969 1419 1027 seio·
1463 969 1617 1047 quod
1640 970 1856 1036 audivi,
1883 967 2007 1044 ejus
2030 970 2236 1028 adsum
2259 927 2370 1027 tibi
2392 911 2669 1027 nuntium

540 1047 655 1103 565
766 1046 1059 1105 NEOPT.
1095 1046 1351 1113 Ismene,
1394 1065 1610 1124 qum,
1648 1056 1818 1106 tanto
1857 1049 2093 1124 impetu
2128 1049 2319 1110 animi
2349 1047 2793 1126 aggredmntm·

685 1126 1028 1186 Atridarum
1050 1126 1241 1202 gratia
1265 1125 1630 1214 Phoenixque
1655 1129 1838 1206 etqui
1865 1145 1986 1185 una
2009 1127 2483 1185 conscenderunt
2496 1143 2745 1184 nauem.
2728 1126 2751 1166 >

764 1204 1019 1263 MERC.
1060 1204 1212 1262 Haec
1231 1205 1378 1261 εειιο
1394 1199 1525 1275 jam
1548 1206 1666 1283 agi,
1692 1225 1815 1265 nec·
1825 1207 2163 1282 ampliussin
2182 1205 2437 1283 agendis
2452 1221 2597 1262 esse.

763 1282 1054 1342 NFDPT.
1079 1282 1201 1345 Qui
1219 1301 1360 1340 vero
1383 1283 1611 1359 Ulysses
1634 1302 1874 1379 operam
1896 1303 2062 1343 suam
2089 1303 2211 1342 non
2227 1285 2388 1354 ultro
2413 1282 2647 1352 obtulit,
2658 1299 2791 1341 nec

686 1369 923 1439 paratus
946 1362 1075 1420 ιἰιιιτΙ
1088 1362 1401 1438 navigare?
1448 1366 1722 1440 numquis
1746 1366 1915 1422 illum
1940 1365 2242 1439 prohibuit
2264 1363 2501 1422 metus'?
2562 1375 2625 1414 .··
2680 1397 2685 1406 ·

540 1439 659 1504 570
759 1440 1021 1499 MERC.
1043 1433 1147 1499 At
1173 1441 1272 1498 ille
1295 1447 1358 1499 et
1380 1441 1564 1516 Tydei
1587 1443 1761 1501 filius
1756 1444 1850 1534 ‘ad
1889 1444 2068 1501 alium
2102 1443 2293 1501 virum
2334 1440 2791 1517 profic‘aeeeban-

688 1527 818 1584 tur,
835 1519 1067 1596 quando
1090 1519 1383 1578 solvebam
1408 1538 1443 1577 e
1465 1529 1664 1614 portu.

766 1597 1058 1658 NFm'r.
1097 1598 1382 1660 Quisnam
1406 1598 1506 1656 ille
1529 1600 1626 1667 sit,
1652 1600 1726 1657 ad
1751 1618 1926 1676 quem
1952 1551 2224 1693 Ulysses
2205 1566 2330 1677 ipse
2354 1597 2711 1676 navigabat?

583 1718 591 1724 -
625 1689 640 1726 ‘-
741 1675 1020 1735 MERC.
1063 1678 1214 1746 Sane
1234 1685 1361 1736 erat
1384 1677 1607 1755 aliquis.
1666 1679 1797 1737 Sed
1806 1682 2030 1738 huncce
2057 1680 2316 1757 primum
2340 1677 2435 1737 dic
2458 1677 2627 1743 mihi,
2646 1675 2788 1753 quis

689 1762 796 1814 est.
833 1755 1050 1817 Quod
1077 1755 1289 1813 dixeris
1314 1774 1473 1823 vero,
1502 1774 1578 1815 ne
1602 1758 1744 1816 effer
1768 1760 1938 1824 clare.
2586 1803 2591 1810 -

539 1831 622 1895 57
621 1832 659 1886 5
768 1834 1062 1893 NEOPT.
1103 1833 1221 1894 Hic
1245 1842 1334 1896 est
1355 1835 1608 1920 inclytus
1633 1837 1739 1894 tibi
1766 1838 2141 1902 Philoctetes,
2167 1787 2394 1913 hospes.

767 1911 1022 1971 MERC.
1064 1913 1230 1993 Ergo
1251 1932 1331 1973 ne
1368 1914 1568 1990 plura
1575 1934 1673 1973 me
1712 1931 1913 1993 roges3
1957 1916 2060 1974 sed
2098 1935 2276 1996 quam
2314 1916 2585 2006 ocissime
2615 1912 2783 1970 solve

689 2009 918 2058 navem,
941 1995 1129 2069 atque
1142 2012 1217 2051 ex
1240 1994 1349 2052 hac
1373 2000 1533 2052 terra
1554 2001 1616 2053 te
1641 1995 1858 2070 abripe.

766 2070 985 2130 PHIL.
1025 2071 1183 2134 Quid
1207 2080 1495 2140 autumat,
1521 2073 1560 2130 ὀ
1586 2073 1712 2131 fili?
1756 2092 1864 2149 cur
1895 2092 2015 2141 me,
2042 2074 2301 2141 obsecm,
2328 2073 2497 2138 dietis
2523 2068 2787 2129 tenebri-

519 2179 522 2184 ·
681 2151 837 2210 oos'ffl
866 2150 1062 2225 prodit
1083 2150 1193 2207 tibi
1211 2152 1312 2209 hic
1336 2153 1603 2210 navita?

533 2224 692 2288 530
767 2228 1058 2288 NEOP'I.
1098 2228 1382 2288 Nondum
1431 2230 1693 2289 intellexi
1738 2232 1877 2308 quid
1921 2231 2033 2289 sibi
2072 2232 2244 2290 velit·
2296 2201 2531 2309 oportet
2571 2234 2780 2288 autem

687 2317 864 2372 ειιιιι,
894 2327 1029 2392 quae
1067 2297 1239 2375 dicet,
1279 2309 1579 2392 perspicue
1617 2310 1811 2390 eloqui
1848 2310 2154 2376 adversum
2189 2330 2307 2379 me,
2332 2320 2409 2370 et
2430 2318 2528 2376 .,te
2564 2316 2631 2365 et
2668 2308 2786 2364 hos

681 2406 1022 2526 qu-MERQ
1060 2467 1116 2525 O
1143 2474 1280 2527 nate
1305 2469 1565 2538 Acffillis,
1591 2487 1668 2527 ne
1704 2435 2058 2536 committas,
2082 2489 2297 2548 quaeso,
2323 2479 2394 2528 ιιι
2433 2469 2781 2526 Graecorum

692 2549 757 2604 in
781 2545 1160 2605 offensionem
1199 2549 1515 2615 incurram,
1543 2548 1699 2626 quod
1738 2550 1981 2607 tacenda
2019 2549 2303 2609 dixerimz
2345 2547 2574 2624 magnis
2610 2545 2780 2602 enim

690 2625 869 2682 lucris
896 2626 1100 2702 augeri
1121 2627 1304 2693 soleo,
1327 2627 1406 2684 ob
1429 2627 1622 2686 officia
1645 2645 1776 2706 quae
1800 2629 1884 2685 eis
1907 2645 2041 2706 eg0,
2071 2637 2356 2707 quantum
2380 2626 2616 2705 quidem
2640 2634 2785 2700 pot-

691 2715 780 2761 est
806 2703 984 2761 homo
1008 2720 1251 2781 pauper,
1277 2713 1508 2782 proesto.

540 2773 655 2829 585
768 2781 1060 2840 NEOPT.
1097 2784 1235 2861 Ego
1257 2802 1387 2843 sum
1412 2785 1635 2845 Atridis
1658 2786 1952 2846 infensum
1990 2787 2086 2844 hic
2110 2791 2309 2844 autem
2329 2785 2416 2842 vir
2439 2783 2663 2842 amicus
2685 2788 2785 2839 est

689 2862 841 2920 mihi
861 2878 1145 2930 summus,
1171 2864 1309 2940 quia
1330 2865 1564 2924 Atridas
1588 2865 1730 2924 odit.
1807 2865 2062 2924 Proinde
2098 2870 2334 2945 oportet
2356 2872 2434 2926 te,
2462 2863 2562 2939 qui
2584 2863 2782 2923 amieo

690 2941 766 2999 ad
791 2956 887 2997 me
913 2941 1120 2998 venisti
1142 2944 1359 3011 anime,
1387 2942 1536 3003 nihil
1559 2962 1668 3002 nos
1692 2963 1900 3005 eorum
1922 2944 2132 3019 celare,
2159 2961 2291 3024 quae
2300 2941 2562 3003 audiisti.

769 3015 1375 3081 MERC.videu1d
1398 3024 1542 3101 agis,
1568 3023 1675 3082 fili.
1774 3060 1779 3067 ·

687 3126 692 3131 ·
767 3035 1462 3163 NEOPT.Jam3udu1n
1487 3119 1602 3180 ego
1627 3102 1690 3160 id
1712 3100 1849 3159 vidi.

538 3164 657 3223 590
767 3175 1019 3237 MERC.
1060 3177 1135 3236 In
1160 3184 1220 3235 te
1244 3181 1466 3238 crimen
1492 3198 1669 3239 omne
1693 3180 2131 3242 transferam..

767 3254 1061 3315 NEOPT.
1101 3257 1285 3330 Esto3
1329 3259 1423 3316 dic
1448 3259 1645 3319 mode.
1732 3264 1740 3271 '

764 3332 1018 3393 MERC.
1058 3333 1227 3395 Dico,
1267 3337 1407 3395 Duo
1431 3338 1540 3411 illi,
1567 3356 1712 3415 quos
1737 3337 1990 3405 audiisti,
2015 3337 2144 3405 viri,
2166 3335 2353 3414 Tydei
2370 3334 2561 3401 filius,
2573 3335 2782 3413 visque

691 3412 949 3489 Ulyssem,
975 3413 1050 3471 ad
1075 3415 1232 3472 hunc
1256 3406 1555 3493 navigant,
1582 3428 1652 3475 ut
1677 3417 1778 3494 qui
1794 3412 1980 3489 jurati
2005 3417 2180 3475 fidem
2205 3433 2372 3473 suam
2409 3413 2781 3491 obligarunt,

536 3480 653 3537 595
688 3510 752 3549 se
788 3509 927 3550 eum
966 3492 1060 3549 vel
1093 3495 1458 3554 sermonibus
1497 3512 1860 3572 persuasum,
1901 3496 1992 3554 vel
2028 3496 2087 3552 vi
2130 3495 2500 3554 adducturos.
2574 3494 2782 3571 Atque

673 3562 815 3635 haec
836 3571 1044 3629 Achivi
1066 3589 1268 3631 omnes
1293 3574 1532 3632 audiere
1558 3574 1821 3650 Ulyssem
1860 3584 2058 3650 aperte
2098 3574 2429 3633 dicentem·
2471 3573 2573 3631 ille
2610 3574 2780 3634 enim

687 3650 821 3729 plus
845 3649 1071 3708 fiduciae
1098 3652 1345 3710 habebat
1370 3654 1576 3720 altere,
1602 3672 1664 3710 se
1689 3654 1813 3711 haec
1835 3653 2197 3712 effecturum.

764 3727 1055 3791 NEOPT.
1095 3731 1368 3792 Quanam
1391 3750 1530 3791 vero
1566 3733 1760 3810 gratia
1783 3741 1913 3808 post
1937 3740 2058 3790 tam
2083 3733 2347 3821 longum
2356 3736 2591 3807 tempus
2615 3731 2782 3790 Atri-

534 3792 654 3847 ⁶00
686 3806 778 3865 dae
817 3814 1051 3866 tantam
1082 3806 1258 3883 hujus
1296 3826 1497 3894 euram
1538 3819 1777 3888 gerunt,
1817 3829 1990 3889 quem
2028 3811 2253 3870 dudum
2292 3806 2550 3882 ejecere.
2537 3812 2557 3852 ²
2623 3810 2778 3875 Qum

687 3887 797 3944 hos
819 3887 1029 3962 cupido
1051 3888 1309 3955 incessit,
1333 3897 1435 3947 aut
1459 3889 1544 3949 vis
1570 3890 1834 3968 ultioque'
1867 3891 2151 3957 Deorum,
2180 3890 2279 3969 qui
2313 3891 2571 3949 sceleste
2586 3888 2777 3951 facto-

599 4020 604 4025 ’
683 3967 1371 4104 ΨιΜΕῗιὲῗεΙθεῗιιιειιωιιιιιέι
1409 4063 1546 4123 ego,
1571 4047 1725 4105 forte
1763 4047 1922 4106 enim
1961 4048 2120 4107 haud
2144 4020 2438 4112 inaudisti,
2466 4064 2646 4106 omne
2662 4066 2772 4119 ex-

524 4105 651 4206 ‚⁶⁰5
685 4122 936 4199 pediam.
994 4121 1192 4182 Vates
1207 4131 1340 4185 erat
1366 4125 1602 4206 quidam
1627 4127 1805 4183 ειειιῸ
1809 4129 2092 4204 sanguine
2115 4128 2370 4203 genitus,
2382 4126 2618 4185 Priami
2642 4129 2775 4204 qui-

686 4203 824 4269 dem
871 4201 1044 4268 filius,
1092 4203 1332 4262 nomine
1376 4221 1515 4262 vero
1569 4204 1833 4264 Helenus
1883 4206 2315 4283 appellabatur,
2356 4212 2537 4283 quem
2586 4213 2773 4265 noctu

686 4296 949 4360 egressus
987 4282 1163 4352 solue,
1203 4283 1309 4363 qui
1344 4282 1563 4384 ubique
1599 4283 1846 4363 pessime
1884 4286 2072 4361 audit,
2109 4285 2545 4426 probrisque
2490 4284 2775 4393 oneratur
