3017 4900
753 291 872 364 198
1155 278 1160 288 ⁵
1271 294 1278 299 ’
1654 275 1929 359 AJAX.

743 463 895 521 ciere
923 460 1131 533 fletus,
1174 459 1294 529 sed,
1320 463 1370 521 si
1409 479 1527 540 quo
1566 453 1932 538 premeretur
1967 452 2191 529 dolore,
2216 455 2633 530 vociferationi
2646 472 2705 522 et
2732 458 2821 523 Ia·-

742 542 955 599 mentis
982 559 1240 617 parcens,
1267 541 1811 618 subingemiscebat,
1838 542 1992 604 tauri
2030 543 2346 618 mugientis
2381 535 2562 601 more.
2643 541 2820 601 Nunc

740 638 880 680 vero
905 621 1056 678 tristi
1082 621 1326 680 obrutus
1352 622 1463 677 hoc
1489 620 1833 686 infortuniO,
1861 620 1992 676 cibo
2030 621 2324 679 abstinens
2349 630 2410 678 et
2436 632 2597 698 potu,
2628 622 2832 682 media·

592 704 712 760 ³25
742 700 897 757 inter
921 716 1131 774 pecora
1154 698 1311 756 ferro
1328 701 1558 756 concisa
1579 699 1871 775 prolapsus
1896 699 2108 756 residet
2124 702 2421 767 immotae,
2442 709 2501 757 et
2517 700 2819 776 manifestp

651 849 662 859 .
741 778 958 854 aliquid
985 778 1242 854 inceptat
1266 778 1405 835 mali
1421 802 1438 847 3
1484 778 1628 834 tales
1655 778 1931 836 nimirum
1959 789 2122 835 voces
2156 787 2215 836 et
2242 788 2475 856 questus
2501 779 2643 837 edit.
2720 771 2831 850 st

741 857 779 913 ὁ
803 856 993 921 amici,
1023 875 1136 933 qua
1171 858 1365 934 gratia
1395 858 1508 914 huc
1591 856 1758 919 rodii,
1786 855 2182 949 ingredimini,
2221 875 2526 934 opemque,
2553 859 2603 914 si
2647 873 2816 934 qnam

578 940 713 997 ’330
741 934 1151 1072 ν31οιιέυἲεὲιο
1172 1013 1209 1070 i
1235 936 1435 993 Solent
1459 876 1622 998 enlin
1659 934 1789 1002 viri,
1815 933 1996 1012 qualis
2033 933 2193 993 hicce
2217 943 2325 1002 est,
2352 938 2679 994 amicorum
2705 953 2819 993 εει·
2825 955 2831 962 ·

739 1031 903 1072 ιιιοιιι
988 1032 1014 1069 3
1078 1023 1167 1080 ect

820 1092 952 1151 CH.
993 1091 1306 1150 Horrenda
1333 1093 1498 1150 nobis
1544 1109 1764 1159 narras,
1789 1089 2113 1159 Tecmessa,
2141 1061 2262 1151 filia
2284 1091 2673 1159 Teleutantis,
2698 1107 2825 1150 ma-
2929 1073 2936 1084 ¹

738 1171 810 1229 lis
838 1187 1047 1246 nempe
1072 1171 1261 1228 virum
1287 1171 1496 1232 illum
1479 1189 1544 1228 ιιι
1569 1172 1832 1232 furorem
1856 1172 2255 1231 concitatum.

802 1250 928 1314 AJ
970 1249 1088 1308 Hei
1116 1248 1297 1306 mihi!

815 1327 1056 1386 TECM.
1095 1326 1261 1393 Mox,
1285 1336 1352 1385 ut
1384 1327 1635 1395 videtur,
1664 1328 2047 1386 increbrescet
2070 1326 2256 1387 furor.
2337 1326 2557 1386 Nonne
2581 1325 2830 1387 audistis

586 1411 706 1467 335
738 1399 997 1480 Ajacem,
1026 1402 1222 1483 quali
1198 1425 1326 1478 Jam
1347 1407 1692 1468 vociferatur
1716 1408 2008 1465 clamore.
1995 1409 2014 1449 ³

816 1486 927 1544 AJ.
970 1485 1090 1543 Hei
1117 1485 1294 1543 mihi!

815 1563 946 1622 CH.
988 1564 1213 1627 Adhuc,
1239 1574 1309 1622 ιιι
1350 1563 1578 1657 opinor,
1604 1582 1744 1621 cum
1788 1564 1996 1621 morbo
2037 1563 2426 1670 conflictatur
2443 1564 2539 1621 hic
2578 1565 2689 1628 vir,
2714 1572 2817 1624 aut

734 1644 1115 1700 contristatur
1141 1644 1422 1718 praeteriti
1447 1643 1585 1702 mali
1611 1643 2031 1701 recordatione.
2138 1659 2146 1670 ·

783 1722 920 1784 AJ.
965 1721 1103 1780 Heu
1129 1721 1234 1786 fili,
1262 1720 1384 1778 fili!
1462 1729 1468 1734 ’

584 1804 736 1863 ³40
811 1799 1056 1866 TECM.
1097 1800 1153 1857 Ο
1180 1819 1274 1858 me
1301 1817 1573 1857 miseram
1596 1797 1609 1838 '
1655 1798 1993 1886 Eurysace&
2017 1807 2077 1857 te
2100 1739 2391 1858 inclamat.
2430 1799 2593 1861 Quid
2618 1807 2837 1859 mente.

733 1881 951 1956 agitat
938 1880 957 1920 >
1005 1877 1259 1936 Ubinam
1284 1880 1386 1935 es?
1428 1879 1465 1938 ὁ
1490 1844 1767 1937 miseram
1792 1897 1926 1937 me.
1912 1877 1924 1916 '

812 1958 917 2015 AJ.
955 1957 1252 2015 Teucrum
1291 1974 1450 2015 voco.
1520 1957 1639 2015 Ubi
1662 1965 1751 2014 est
1787 1958 2056 2050 Teucer?
2100 1958 2192 2015 An
2219 1957 2315 2015 ille
2355 1964 2645 2032 perpetuo
2669 1975 2821 2036 praev
2850 1997 2853 2002 -

731 2036 833 2096 das
971 2046 1027 2093 t.
1012 2038 1033 2078 ³
1077 2035 1213 2114 Ego
1239 2054 1375 2094 vero
1399 2037 1638 2094 interim
1666 2054 1862 2112 pereo.

808 2117 856 2173 Ε
927 2113 1050 2174 V
1036 2133 1087 2173 ιι·
1122 2117 1214 2172 sui
1237 2133 1472 2191 compos
1492 2112 1621 2187 jam
1646 2115 1876 2184 videtur
1897 2133 2037 2172 esse.
2114 2113 2278 2191 Ergo
2303 2113 2523 2188 aperite
2549 2105 2811 2173 ostiumz

582 2193 706 2254 345‘
729 2195 901 2260 forte,
927 2196 978 2252 si
1002 2213 1098 2252 me
1123 2194 1421 2269 adspiciat,
1448 2202 1654 2271 tanget
1677 2208 1814 2252 eum
1839 2194 2034 2287 aliqua
2057 2194 2173 2250 mei
2198 2194 2536 2250 reverentia.

806 2272 1052 2334 ΤΕΕΜ.
1094 2273 1246 2330 Ecce
1263 2274 1499 2349 aperio;
1531 2275 1749 2330 intueri
1775 2273 1882 2331 tibi
1908 2274 2043 2330 hcet
2068 2272 2223 2329 illius
2246 2272 2523 2354 facha,
2549 2279 2738 2352 atque·
2749 2279 2814 2330 ut

577 2430 700 2488 850
733 2354 944 2491 istJae
962 2351 1166 2488 3212)an
1188 2425 1413 2487 navales
1437 2429 1598 2497 socii,
1624 2429 1734 2486 soli
1759 2429 1877 2487 mei
1902 2405 2093 2495 amici,
2118 2414 2344 2506 solique
2367 2428 2554 2487 foedus
2578 2430 2823 2508 integra

730 2529 857 2569 sert
858 2519 1023 2568 antes
1048 2509 1185 2576 fide,
1210 2509 1485 2587 adspicite
1514 2509 1673 2587 quali
1708 2518 1965 2610 cruentas
1988 2509 2273 2584 procellae
2282 2509 2463 2567 fluctu
2486 2510 2812 2569 circumda-

700 2590 824 2648 t‘us
848 2604 994 2648 sum.

807 2668 938 2725 CH.
984 2669 1086 2743 (ad
1117 2664 1494 2736 Tecmessam.)
1522 2664 1641 2724 Hei
1668 2660 1849 2724 mihi!
1879 2666 2074 2728 Quam
2098 2665 2309 2723 videris
2329 2683 2464 2723 vera
2488 2667 2699 2725 testari
2715 2667 2804 2783 ni-

574 2742 693 2801 355
729 2745 872 2805 mis!
917 2746 1078 2804 Res
1060 2764 1186 2822 ipsa
1210 2744 1446 2811 indicat,
1473 2762 1649 2820 quam
1677 2745 1912 2802 insanus
1920 2745 2029 2802 sit.

742 2845 746 2850 ·
806 2825 913 2882 AJ.
954 2825 1010 2881 Ο
1056 2822 1360 2901 populares
1400 2812 1773 2881 auxiliatores
1814 2824 1952 2888 mei,
1996 2814 2135 2880 artis
2178 2823 2352 2898 periti
2396 2823 2664 2887 nauticae,
2712 2824 2811 2901 qui

726 2921 1040 2969 conscensa
1064 2922 1207 2961 nave
1233 2904 1529 2960 marinum
1553 2903 1815 2979 agitastis
1833 2920 2082 2966 remum,
2107 2919 2227 2967 vos,
2252 2918 2352 2957 voe
2373 2903 2637 2978 inquam,-
2656 2905 2815 2960 soloe

561 2981 695 3036 360
728 2980 895 3040 video
919 3001 990 3041 ex
1013 2983 1083 3039 iis
1109 2983 1210 3059 qui
1243 2983 1359 3039 mei
1383 2981 1526 3038 olim
1551 2999 1753 3040 curam
1791 2981 2140 3063 habuerunt,
2164 2980 2451 3057 opitulari
2470 2980 2619 3038 mihi
2644 2998 2811 3059 para-

722 3069 845 3128 toa,
885 3080 999 3139 age
1023 3061 1266 3118 occidite
1291 3077 1406 3118 me.

741 3212 746 3217 q
804 3140 935 3199 CH.
975 3142 1144 3199 Bona
1184 3139 1378 3206 verba,
1424 3155 1635 3215 quaeso,
1711 3137 1829 3206 Ne,
1857 3137 2078 3196 malum
2105 3137 2262 3237 malo
2284 3138 2622 3204 resarciens,
2657 3131 2807 3198 0313·
2872 3206 2879 3217 .

725 3220 946 3279 mitatis
969 3220 1251 3278 damnum
1280 3213 1469 3289 majus
1492 3218 1812 3276 accumula.

559 3294 689 3350 -365
802 3298 912 3356 AJ.
953 3297 1251 3354 Videtisne
1270 3297 1439 3353 illum
1458 3298 1760 3361 audacem,
1780 3296 1991 3352 fortem
2012 3294 2199 3359 illum,
2225 3295 2403 3371 inque
2420 3246 2645 3351 bellicis
2654 3296 2804 3358 olim

723 3376 1082 3452 intrepidum
1124 3374 1358 3450 praeliis,
1386 3393 1544 3433 nunc
1587 3377 1743 3433 inter
1785 3373 2034 3449 placidas
2058 3373 2209 3431 feras
2242 3388 2422 3431 manu
2445 3382 2793 3432 strenuum.
2776 3375 2798 3415 ²

721 3456 820 3533 hei
842 3454 1023 3513 mihi!
1071 3465 1317 3533 quantos
1341 3455 1488 3512 risus
1513 3453 1817 3530 praebebo!
1848 3460 2140 3529 quantum
2161 3454 2224 3509 in
2245 3452 2526 3527 probrum
2551 3448 2775 3515 incidi!

570 3535 692 3597 870
798 3532 1043 3592 ΤΕΕΜ.
1085 3532 1199 3600 Ne,
1227 3524 1368 3590 here
1392 3529 1466 3590 A
1440 3550 1567 3604 Jax
1592 3533 1734 3590 talia
1756 3531 1929 3596 dicas,
1954 3526 2212 3588 obsecro.

797 3612 909 3670 AJ.
948 3612 1089 3670 Non
1114 3620 1183 3669 tu
1207 3613 1343 3669 hinc
1368 3610 1534 3669 abis?
1579 3628 1700 3667 non
1723 3611 1878 3667 foras
1902 3608 2069 3667 effers
2092 3609 2345 3685 pedem?
2386 3608 2581 3676 Eheu,
2596 3610 2807 3669 eheu!

799 3690 932 3749 CH.
971 3691 1088 3747 Per
1110 3691 1248 3748 deos
1275 3708 1400 3757 or0,
1427 3690 1766 3765 obsequere,
1793 3696 1853 3745 et
1878 3687 1952 3744 ad
1976 3705 2183 3747 sanum
2211 3696 2471 3745 mentem
2497 3688 2640 3746 redi.
2682 3718 2692 3729 ι

795 3770 907 3827 AJ.
947 3769 1004 3826 Ο
1029 3776 1143 3846 ego
1180 3770 1403 3834 infelix,
1429 3769 1533 3844 qui
1570 3768 1838 3825 manibus
1876 3774 2110 3825 tantum
2151 3774 2272 3823 non
2304 3777 2602 3842 correptos
2628 3769 2803 3829 amisi

564 3848 683 3911 375
717 3850 1024 3906 sceleratos
1049 3849 1198 3915 illos,
1225 3850 1401 3929 inque
1425 3864 1689 3903 camuras
1709 3847 1900 3911 boves,
1919 3847 2312 3961 clamososque
2334 3846 2635 3905 balantum
2654 3856 2796 3925 ξω·
2878 3898 2889 3909 .

551 3944 557 3953 ’
714 3945 818 4005 ges
843 3930 1090 3994 irruenS,
1116 3937 1310 3984 atrum
1331 3927 1682 4002 sanguinem
1707 3922 1973 4001 profudi!

794 4002 925 4066 CH.
962 4007 1124 4068 Quid
1143 4022 1280 4062 vero
1305 4015 1364 4061 te
1390 4005 1682 4061 excrucias
1706 4004 1785 4061 ob
1827 4020 1919 4062 res
1945 4001 2277 4060 confectas?
2321 4018 2445 4059 non
2478 4005 2639 4062 enim
2664 4001 2798 4121 fieri

712 4095 925 4163 potest,
955 4094 1021 4141 ut
1049 4087 1171 4141 haec
1196 4085 1366 4140 aliter
1389 4092 1451 4139 se
1471 4084 1767 4176 habeant:
2088 4088 2101 4115 ⁴

557 4163 680 4218 380
787 4165 901 4223 AJ.
943 4165 1000 4220 Ο
1024 4163 1097 4219 ad
1123 4164 1323 4219 omnia
1360 4158 1683 4237 perspicaa't,
1709 4160 2016 4237 omnisque
2056 4124 2289 4236 semper
2331 4112 2791 4219 instrumentum

709 4242 869 4308 mali,
896 4243 980 4299 fili
1001 4240 1253 4306 Laertie,
1278 4241 1668 4318 impurissime
1695 4249 1983 4299 veterator
2006 4242 2307 4304 exercitus,
2337 4242 2556 4302 mirum
2579 4241 2642 4300 ni
2664 4256 2795 4318 pra>

699 4321 923 4399 gaudio
945 4319 1125 4379 effuse
1150 4319 1359 4378 rideas
1423 4340 1428 4345 ·
1582 4340 1593 4347 ·
2004 4346 2013 4362 ·-
2530 4354 2541 4361 -
