3017 4900
957 259 1347 362 OEmrns
1388 259 1626 346 REX«
1766 331 1776 342 .
2012 271 2016 275 ·
2225 219 2380 354 ..set

231 434 453 570 ἔωσε
468 424 690 495 temere
722 433 958 498 censeri
1012 434 1219 505 bonos,
1262 454 1453 515 neque
1496 403 1707 504 bonos
1731 435 1934 496 malos
2010 434 2151 494 Sed
2174 435 2338 498 enim
2352 438 2477 497 610

284 514 478 573 delem
532 517 787 574 amicum
840 512 1072 587 ejicere,
1115 510 1285 581 haud
1318 518 1515 604 minus
1566 534 1742 593 grave
1785 534 1908 576 eaee
1953 513 2106 583 dico,
2159 534 2339 593 quam

232 594 287 650 si
332 595 461 670 quis
504 610 672 661 suam
718 589 992 670 projiciat
1033 595 1236 662 vitam,
1265 614 1441 673 quam
1484 591 1762 655 inaxime
1783 594 2012 689 diligit.
2074 598 2159 653 At
2196 614 2335 658 cum

231 678 499 748 tempore
523 675 667 731 scies
707 674 849 731 haec
857 681 1053 731 certo:
1098 691 1238 731 nam
1277 682 1507 750 tempus
1532 675 1743 743 solum,
1771 669 1874 752 qui
1899 675 1984 732 vir
2020 669 2209 733 bonus
2233 676 2333 743 sit,

229 751 522 809 ostendit·
504 775 523 822 3
575 753 797 809 malum
822 769 961 809 vero
985 753 1077 810 vel
1102 771 1223 811 una
1245 752 1342 810 die
1367 755 1730 829 cognoveris.
1817 775 1830 799 ι
2347 754 2470 833 615,

266 828 444 890 -‘.CH
487 829 675 888 Recte
700 830 825 889 haec
844 829 1000 888 dicta
1023 849 1147 888 esse
1171 831 1464 899 fateberien
1485 834 1523 891 ὀ
1550 832 1701 899 Rex,
1720 832 1772 890 si
1789 849 1953 893 caves
1979 850 2054 890 ne
2078 821 2328 938 labaris.

228 908 346 965 tuti
370 926 495 965 non
519 917 660 967 sunt
684 911 786 988 qui
810 909 1003 967 subita
1027 911 1241 968 ineunt
1263 912 1524 969 consilia.

276 986 496 1045 OED.
547 988 666 1046 Ubi
691 989 822 1073 quis
846 988 1001 1048 celer
1025 998 1114 1047 est
1140 989 1374 1047 insidias
1398 990 1553 1048 clam
1578 996 1825 1057 struere,
1851 995 1914 1047 et
1938 1007 2033 1046 me
2041 967 2330 1048 celeriter

225 1067 538 1124 consilium
561 1084 771 1142 capere
796 1075 1065 1143 oportet:
1107 1070 1160 1128 si
1185 1068 1346 1126 enim
1373 1071 1616 1146 quietus·
1638 1069 1909 1136 manebO,
1934 1068 2035 1126 ille
2058 1083 2165 1128 sua
2186 1086 2327 1127 con·
2342 1070 2468 1150 624}
2527 1105 2533 1118 .

224 1143 451 1216 fecerit,
478 1164 613 1203 mea
637 1154 840 1206 autem
863 1152 1042 1205 erunt
1068 1146 1417 1207 frustranea.

300 1224 434 1282 CR.
476 1225 636 1288 Quid
661 1226 846 1310 igitur
870 1227 1167 1301 postulas?
1209 1243 1288 1283 an
1314 1245 1411 1285 me
1442 1245 1518 1285 ex
1540 1226 1686 1286 urbe
1713 1221 1973 1301 pellere?

296 1303 498 1360 OED.
535 1301 810 1374 Minime.
889 1305 1071 1371 Mori,
1099 1323 1222 1363 non
1247 1306 1513 1363 exsulare
1538 1314 1599 1363 te
1625 1307 1774 1363 volo,

297 1381 431 1440 CR.
473 1365 642 1442 Fiet.
685 1382 803 1440 sed
814 1392 1124 1461 postquam
1162 1384 1487 1444 ostenderis
1527 1384 1710 1470 qpid·
1694 1402 1755 1442 m
1783 1401 1880 1443 me
1918 1383 1995 1441 sit
2020 1389 2189 1469 tanto
2214 1384 2330 1454 hoc

228 1469 333 1517 tuo
362 1462 502 1521 odio
526 1462 796 1538 dignum.

292 1539 495 1600 ΟΕΙ).
538 1542 627 1600 Ut
651 1551 776 1599 non
799 1558 1066 1599 cessurus
1091 1537 1239 1600 mihi
1266 1559 1457 1619 neque
1483 1541 1991 1618 obtemperaturus
2017 1540 2203 1599 dicis?
2340 1540 2459 1601 625

298 1620 428 1679 CR.
472 1620 661 1680 video
683 1621 851 1681 enim
872 1629 932 1675 te
958 1630 1082 1676 non
1108 1620 1257 1677 bene
1282 1638 1503 1709 sapere.

296 1699 490 1770 OED.
531 1699 710 1774 Sapio
733 1706 891 1756 certe
919 1699 983 1755 in
1009 1716 1139 1755 rem
1165 1717 1378 1758 meam.

297 1778 429 1835 CR.
472 1780 552 1836 At
577 1777 924 1855 aequaliter
908 1796 973 1835 ιιι
1000 1795 1192 1835 meam
1218 1796 1422 1854 sapere
1447 1777 1640 1835 debes

296 1856 503 1918 OED
535 1859 619 1916 At
643 1858 833 1915 malus
846 1874 934 1938 es.

297 1936 428 2002 CR.
470 1937 651 2003 Quid,
679 1937 727 1993 si
753 1951 880 1992 rem
910 1951 1032 1992 non
1057 1935 1389 2012 intelligas
1376 1938 1396 1978 ³

292 2016 494 2074 OED.
534 2001 741 2074 Nihilo
768 2022 971 2072 tamen
995 2014 1192 2090 minus
1217 2014 1537 2107 impeme

290 2094 426 2152 CR.
470 2096 548 2152 At
573 2111 695 2152 ιιοιι
722 2112 900 2169 prava
921 2081 1351 2186 imperantis—-

292 2173 491 2232 OED.
533 2174 591 2230 Ο
615 2171 840 2238 civitas,
864 2173 1066 2230 civitas
1092 2171 1107 2227 l

293 2253 425 2311 CR
468 2253 584 2310 Sed
607 2254 894 2361 particeps
919 2269 1034 2360 ego
1059 2251 1238 2309 etiam
1261 2270 1394 2310 sum
1414 2248 1598 2326 hujus
1620 2246 1906 2314 civitatis·
1951 2269 2075 2311 non
2100 2260 2203 2312 tua
2225 2268 2318 2310 so-
2336 2253 2459 2310 6³0
2543 2313 2548 2324 ,

216 2332 332 2392 lius
359 2340 467 2390 est
568 2353 575 2360 ³

291 2411 429 2472 CH.
467 2411 756 2478 Desinite,
784 2422 985 2488 reges.
1028 2427 1227 2500 eemm
1249 2407 1409 2469 enim
1432 2417 1763 2487 opportune
1787 2410 1949 2469 vobis
1972 2409 2141 2469 video
2164 2409 2322 2469 foras

213 2484 621 2570 egredientem
645 2491 684 2547 J
687 2498 944 2557 ocasten,
970 2487 1140 2564 cujus
1171 2507 1352 2567 opera
1374 2493 1563 2549 rixam
1588 2491 1741 2548 hanc
1742 2492 2038 2571 componi
2064 2500 2314 2584 oportet.

289 2570 459 2629 Joc.
499 2570 660 2633 Quid
698 2569 1096 2627 inconsultum
1144 2570 1275 2636 hoc,
1319 2569 1358 2626 ὀ
1407 2569 1628 2636 miseri,
1665 2562 1936 2646 jurgium
1977 2570 2313 2647 suscitastis,
2334 2568 2451 2626 635

220 2667 325 2707 nec
369 2649 739 2715 erubescitis,
776 2649 921 2709 urbe
972 2658 1097 2706 tam
1139 2649 1400 2724 graviter
1441 2642 1766 2716 laborante,
1799 2650 2033 2724 priyata
2079 2667 2313 2707 movere
2431 2678 2438 2683 -

218 2729 412 2789 mala?
452 2746 583 2787 non
622 2736 687 2785 tu
726 2728 850 2787 abis
889 2714 1156 2791 domum,
1140 2738 1382 2820 nuque,
1412 2729 1628 2793 Creon,
1670 2736 1800 2784 tuas
1837 2727 1913 2785 ad
1950 2723 2144 2786 aedes?
2190 2745 2316 2789 non

216 2809 488 2869 cavebitis
514 2821 590 2877 ne
616 2825 691 2864 ex
716 2825 781 2864 re
807 2807 980 2864 nihili
1006 2807 1329 2863 maximum
1333 2806 1685 2881 producatis
1709 2807 2016 2864 dolorem?

291 2888 439 2947 CR.-
434 2872 660 2960 ⁴Soror,
685 2888 907 2944 atrocia
932 2885 1080 2943 mihi
1105 2885 1358 2960 OEdipus
1391 2894 1531 2945 tuus
1557 2886 1801 2945 maritus
1833 2872 2023 2942 facere
2060 2893 2247 2961 parat,
2275 2903 2310 2942 e
2330 2879 2452 2943 640,

152 2944 157 2951 ¹
196 2963 440 3035 ‘duobus
466 2966 637 3023 malis
675 2962 928 3073 alterum
968 2966 1209 3065 eligens,
1237 2972 1342 3021 aut
1381 2983 1458 3023 ex
1494 2960 1641 3046 urbe
1664 2964 1904 3042 pellere,
1930 2970 2036 3021 aut
2060 2966 2311 3041 prehen-

214 3062 345 3105 mm
369 3045 658 3119 occidere.
702 3084 708 3089 -
758 3086 763 3092 .
832 3065 838 3070 ·

287 3112 479 3182 OED.
520 3123 772 3183 Fateor.
817 3086 1068 3200 namque
1094 3120 1254 3189 eum,
1261 3118 1450 3190 uxor,
1476 3118 1837 3198 deprehendi
1877 3116 2060 3180 mdis
2084 3096 2343 3245 artibus

209 3201 498 3272 damnum
522 3204 672 3260 mihi
693 3202 1066 3261 inferentem.
1150 3244 1155 3249 .

287 3283 427 3342 CR.
456 3282 554 3340 Ne
578 3284 696 3339 vita
723 3277 854 3354 jam
893 3280 1074 3348 fruar,
1100 3279 1203 3339 sed
1228 3279 1368 3339 diris
1393 3279 1635 3337 devotus
1661 3297 1932 3355 peream,
1943 3279 1994 3337 si
2026 3277 2134 3337 tibi
2167 3276 2308 3359 quid
2415 3314 2428 3321 -
2495 3314 2498 3323 -

211 3360 320 3421 feei
346 3382 424 3420 ex
447 3363 540 3439 iis,
569 3379 699 3438 quae
724 3378 821 3428 me
847 3361 1046 3419 fecisse
1069 3359 1413 3452 criminaris.
2323 3347 2443 3434 642
2535 3426 2536 3433 ἵ

284 3442 451 3500 Joc.
492 3440 550 3497 Ο
582 3458 690 3530 per
720 3421 900 3506 Deos,
925 3437 1099 3495 crede
1128 3439 1259 3504 ista,
1286 3436 1529 3512 OEdipe,
1554 3439 1809 3501 maxime
1846 3435 2080 3513 quidem
2112 3432 2306 3508 jusju-

215 3521 482 3589 mndum,
509 3534 695 3592 quus-
682 3526 880 3576 -testes
917 3517 1079 3576 Deos
1104 3515 1366 3584 advocat,
1391 3517 1693 3583 regemus,
1721 3526 1852 3575 tum
1875 3531 2013 3576 vero
2037 3533 2135 3573 me
2161 3530 2306 3591 quo-

215 3616 341 3677 que,
367 3609 433 3657 et
457 3600 632 3656 hosce
657 3600 760 3676 qui
781 3586 999 3655 adsunt
1025 3597 1149 3657 tibi

287 3678 830 3752 cH.0btempe1-a
853 3676 1054 3735 volens
1079 3674 1472 3755 prudensque,
1497 3674 1537 3734 0
1558 3692 1682 3740 rex,
1708 3673 1964 3735 obsecro.
2320 3664 2446 3755 659&

280 3757 478 3821 OED.
519 3756 654 3822 Qua
677 3758 743 3813 1ιι
768 3773 854 3823 re,
880 3771 1095 3832 quaes0,
1123 3756 1207 3811 vis
1233 3773 1329 3812 me
1354 3753 1464 3811 tibi
1487 3762 1730 3813 morem
1740 3770 1980 3833 gerere
1963 3754 1983 3794 ³

288 3836 438 3896 CH.
466 3818 651 3911 Hunc
700 3826 890 3912 neque
941 3834 1087 3891 olim
1128 3822 1486 3947 dementem,
1506 3848 1691 3913 nunc
1735 3840 1937 3910 autem
1973 3820 2312 3904 juramenti

215 3917 520 3985 sanctitate
546 3915 867 3982 munitum,
893 3930 1177 3971 reverere.
1278 3942 1285 3945 -
2400 3958 2403 3961 ,

224 4038 227 4043 -
289 3994 672 4133 OIEJDSmScin’
700 4010 839 4051 vero
864 3993 1005 4070 quid
1025 3992 1247 4070 petis.
1194 3940 1219 4032 ³
1366 4040 1372 4049 .
2079 3988 2084 3995 ’
2129 3988 2140 4001 ”
2229 3986 2234 3995 ’
2317 3975 2437 4032 655

234 4075 333 4135 ,Ο
558 4092 614 4133 ο..
778 4107 783 4115 ·
2304 4120 2309 4127 .

287 4152 480 4211 OED.
523 4140 776 4210 Declara
797 4150 947 4210 mihi
970 4166 1129 4238 ergo
1141 4143 1303 4236 quod
1327 4084 1573 4284 cogidgas.

289 4232 423 4297 CH.
468 4232 555 4290 Ut
579 4232 857 4299 amicum,
884 4231 985 4308 qui
1008 4248 1071 4295 se
1098 4223 1494 4299 jurisjurandi
1533 4222 1817 4302 religione
1856 4218 2183 4292 obstrinxit,
2209 4219 2302 4319 inn-

216 4312 363 4387 &xi
377 4328 644 4388 mmmm
667 4328 859 4389 reum
863 4327 941 4373 ne
963 4324 1432 4452 Ρειειεαεόοὲιιεα
1454 4305 1613 4369 haud
1634 4306 1887 4391 cognita.
