3017 4900
729 263 860 328 sos
1096 228 1106 244 '
1638 252 1916 323 AJAX.
1936 257 1943 266 ·

2536 363 2587 414 δ

577 440 695 502 995
726 427 1158 523 spectaculum!
1199 425 1238 488 ὀ
1262 432 1477 505 praeter
1500 427 1702 487 omnia
1724 447 1855 520 quse
1878 433 2053 487 antea
2074 426 2321 494 confeci,
2346 443 2449 486 cor
2480 441 2683 487 meum
2712 423 2782 484 ha

653 525 660 534 ⁴
726 511 871 568 dens
894 510 1028 578 iter,
1052 525 1169 587 quo
1193 509 1310 567 huc
1341 507 1520 566 modo
1557 509 1709 574 veni,
1748 520 1828 575 te,
1866 509 1905 565 ὸ
1936 508 2227 566 carissime
2249 502 2422 579 Aiax,
2449 512 2518 565 ut
2550 506 2810 581 primum

726 587 966 646 fatalem
988 596 1158 646 tuum
1176 601 1378 646 casum
1393 586 1608 649 audivi,
1633 604 1977 663 persequens
1997 593 2060 643 et
2075 583 2453 662 investigans.
2485 585 2642 643 celer
2654 583 2814 640 enim

729 664 830 724 de
843 673 905 723 te
942 666 1116 735 fama,
1157 674 1436 743 tanquam
1483 665 1710 723 ferente
1750 665 1884 724 Deo
1933 666 2149 742 aliqum,
2191 671 2520 741 pervaserat
2564 663 2813 722 Achivos

545 756 703 811 1000
732 760 955 811 omnes,
983 753 1043 803 te
1068 763 1282 820 nempe
1297 745 1552 819 periise.
1598 744 1751 822 quod
1775 762 1890 821 ego
1913 744 2090 803 miser
2112 751 2183 801 ut
2204 742 2383 809 audii,
2422 749 2490 801 ut
2526 739 2817 818 ίιιςιιιιιιιί,1

732 825 841 883 etsi
863 824 1098 883 aberam
1123 823 1357 899 procul3
1402 840 1559 882 nunc
1582 840 1721 881 vero
1737 823 1972 882 intuens
1989 823 2271 898 dispereo
2348 821 2471 879 Hei
2491 818 2683 879 mihi!
2708 834 2817 892 age

731 909 933 979 retege
966 904 1230 971 mi11i,ut
1272 901 1551 980 quidquid
1594 902 1736 961 mali
1778 911 1886 969 est,
1922 901 1985 958 id
2019 919 2194 960 omne
2217 900 2533 977 conspicer.
2609 899 2670 955 O
2697 898 2821 953 visu

549 990 700 1045 1005
733 981 1026 1041 horrenda
1048 982 1283 1074 species,
1303 989 1363 1038 et
1386 980 1642 1039 audaciae
1667 981 1841 1039 nimis
1864 980 2106 1047 acerbae,
2118 989 2273 1059 quot
2291 990 2482 1038 morte
2500 986 2608 1037 tua
2623 977 2817 1036 tristes

732 1060 1001 1117 obsevisti
1023 1062 1222 1117 animo
1246 1076 1381 1117 meo
1404 1076 1604 1116 curas.
1590 1058 1615 1096 *
1649 1060 1785 1122 Quo
1820 1060 1999 1125 enim,
1982 1075 2240 1152 ,quosve
2262 1058 2339 1117 ad
2362 1058 2634 1116 homines
2659 1055 2821 1114 adire

730 1146 960 1214 potero,
984 1139 1049 1197 in
1072 1139 1245 1196 rebus
1271 1137 1385 1195 tuis
1408 1138 1633 1196 afflictis
1658 1138 1759 1215 qui
1783 1145 1844 1196 te
1885 1154 2008 1195 non
2037 1139 2324 1210 Juverim.
2310 1140 2330 1180 ²
2374 1137 2688 1196 Nimirum
2709 1133 2822 1192 Te-
2882 1171 2891 1185 .
2978 1151 2979 1202 3

730 1218 929 1275 lamon
943 1225 1111 1293 pater
1122 1225 1259 1274 tuus
1277 1233 1555 1294 meusque
1569 1215 1937 1294 benignusne
1950 1224 2124 1293 atque
2138 1216 2365 1293 placido
2382 1217 2549 1274 vultu
2565 1213 2824 1290 excipiet

549 1304 704 1360 1010
733 1298 1064 1355 venientem
1088 1296 1215 1354 sine
1239 1296 1339 1353 te?
1381 1294 1579 1372 Quipp
1579 1295 1700 1353 ini?
1868 1312 1944 1352 ne
1967 1294 2123 1354 felici
2146 1294 2383 1373 quidem
2402 1295 2580 1354 allato
2605 1292 2825 1352 nuntio

730 1374 918 1433 soleat
939 1374 1131 1433 laetius
1145 1374 1420 1433 arridere.
1498 1373 1608 1432 Ille
1645 1374 1746 1453 qui
1827 1373 2131 1434 reticebit?
2173 1375 2269 1432 cui
2305 1382 2504 1468 parcet
2533 1372 2821 1438 convicio,

732 1455 987 1515 nothum
1011 1471 1107 1511 me
1130 1469 1205 1511 ex
1227 1453 1454 1528 captiva
1469 1461 1658 1511 matre
1681 1454 2046 1547 sinceptum'
2029 1470 2354 1529 increpans,
2374 1455 2479 1532 qui
2500 1451 2821 1513 formidine

549 1540 703 1596 1015
733 1542 795 1591 et
834 1532 1065 1610 ignavia
1098 1538 1161 1590 te
1196 1531 1570 1608 prodiderim,
1605 1532 1898 1590 carissime
1922 1527 2093 1604 AJ‘ax,
2118 1533 2217 1590 vel·
2231 1530 2368 1589 dolo
2392 1532 2567 1599 malo,
2593 1537 2670 1589 ut
2695 1536 2825 1588 tuas

735 1612 988 1670 emortui
1002 1628 1142 1686 opes
1160 1628 1228 1669 ac
1245 1610 1487 1669 domum
1505 1611 1897 1686 possiderem?
1926 1611 2093 1669 Talia
2105 1610 2260 1669 dicet
2277 1612 2365 1668 vir
2383 1613 2487 1701 iroe
2505 1611 2823 1705 impotens,

734 1690 899 1748 senio
934 1706 1215 1757 morosus,
1241 1689 1590 1748 levissimam
1629 1707 1915 1783 quamque
1937 1689 2018 1760 pb
2041 1706 2273 1747 causam
2297 1689 2374 1747 ad
2403 1687 2607 1768 jurgia
2631 1688 2826 1746 ίπίω·

473 1763 478 1768 ’
551 1776 708 1832 1οΞ0
737 1769 901 1840 bilis3
944 1767 1296 1845 tandemque
1322 1770 1572 1826 extorris
1596 1769 1786 1844 patria
1809 1765 2009 1840 ejiciar
2031 1769 2228 1834 domo,
2264 1786 2373 1845 pro
2410 1768 2600 1827 libero
2625 1782 2824 1825 servus

734 1847 913 1925 vulgo
938 1854 1193 1905 notatus.
1268 1847 1463 1922 Atque
1486 1848 1613 1911 haec
1644 1849 1879 1925 quidem
1915 1846 2108 1905 domi.
2152 1847 2252 1905 hic
2289 1865 2427 1905 vero
2465 1847 2541 1906 ad
2575 1842 2825 1917 Trojam

732 1926 955 1987 inimici
975 1926 1209 2004 quidem
1225 1935 1364 1983 sunt
1388 1924 1535 1985 mihi
1550 1927 1738 1991 multi,
1759 1943 1945 2002 pauca
1959 1934 2175 1985 autem
2185 1943 2317 2003 quoe
2327 1922 2556 2000 juvent.
2593 1924 2687 1983 Et
2704 1925 2824 1982 haec

735 2006 937 2063 omnia
957 2004 1281 2063 infortunia
1303 2013 1364 2062 te
1389 2007 1677 2064 moriente
1708 2012 1911 2064 nactus
1933 2023 2085 2064 sum.
2164 2004 2285 2063 Hei
2308 2005 2486 2064 ιιιὶίιί1
2529 2005 2825 2065 incertum

552 2088 704 2145 1025
737 2084 878 2163 quid
900 2101 1091 2162 agam.
1167 2082 1291 2148 Qut
1314 2092 1376 2143 te
1399 2085 1640 2144 avellam
1665 2104 1701 2143 a
1725 2085 1852 2143 sero
1872 2084 1986 2143 hoc
2003 2091 2180 2143 acuto
2201 2100 2501 2153 mucrone,
2528 2104 2652 2163 quo
2677 2086 2829 2146 occi·

735 2181 887 2232 sore,
912 2164 1107 2231 miser,
1126 2164 1383 2224 animam
1404 2166 1651 2224 efflasti?
1680 2164 2032 2229 Noverasne,
2054 2172 2125 2221 ut
2149 2162 2394 2230 Hector,
2418 2167 2658 2224 tametsi
2670 2184 2829 2225 mor·

737 2251 893 2310 tuus,
920 2249 981 2301 te
1006 2244 1147 2301 olim
1172 2243 1504 2319 perditurus
1529 2245 1695 2302 erat?
1724 2243 1950 2310 Videte,
1966 2243 2225 2309 obsecro,
2242 2244 2496 2302 duorum
2514 2245 2827 2304 hominum

550 2325 708 2382 1030
739 2322 1055 2382 fortunam.
1135 2322 1363 2381 Hector
1385 2324 1545 2382 enim
1569 2322 1796 2389 eodem,
1822 2340 1940 2400 quo
1972 2340 2110 2380 eum
2142 2323 2239 2380 hic
2270 2322 2604 2388 donaverat,
2634 2324 2830 2384 balteo

739 2402 1085 2462 constrictus
1109 2402 1183 2460 ad
1207 2408 1540 2495 equestrem
1563 2418 1820 2470 currum,
1848 2420 1918 2464 us
1957 2420 2032 2460 ue
2055 2401 2339 2461 laceratus
2363 2410 2471 2471 est,
2504 2403 2698 2462 donec
2730 2421 2830 2465 ex

740 2481 959 2541 halavit
981 2482 1271 2540 animam.
1302 2481 1397 2539 hic
1420 2490 1626 2540 eontra
1649 2499 1864 2540 munus
1954 2481 2163 2539 ectoris
2188 2483 2343 2540 hunc
2361 2501 2559 2542 ensem
2584 2483 2826 2551 habens,

741 2560 874 2618 illi·
856 2561 966 2636 ipsi
991 2560 1275 2623 incubuit,
1302 2561 1578 2638 letalique
1603 2560 1779 2636 periit
1813 2562 2072 2618 vulnere.
2150 2561 2369 2619 Annon
2391 2562 2650 2639 Erinnys
2675 2565 2829 2621 hunc

555 2639 709 2698 1035
745 2657 943 2697 ensem
967 2637 1253 2697 fabricata
1271 2646 1378 2705 εισι,
1405 2646 1582 2717 atque
1600 2641 1768 2698 illum
1788 2640 2045 2697 balteum
2065 2632 2312 2711 Orcus,
2293 2642 2564 2699 immanis
2587 2641 2827 2718 opifex?

744 2717 951 2794 Itaque
974 2724 1036 2774 et
1058 2718 1184 2774 haec
1207 2726 1267 2774 et
1291 2717 1408 2776 alia
1431 2719 1633 2795 omnia
1655 2717 1901 2778 dixerim
1935 2719 2206 2796 equidem
2229 2720 2564 2778 hominibus
2597 2738 2829 2798 semper

744 2798 974 2854 struere·
992 2795 1183 2853 Deos·
1225 2798 1277 2854 si
1299 2797 1398 2854 cui
1421 2816 1559 2856 vero
1581 2798 1777 2855 minus
1795 2798 1904 2855 ista
1927 2797 2209 2872 probatur
2230 2801 2541 2866 sententia,
2566 2799 2617 2856 is
2642 2800 2829 2858 diver-

558 2955 714 3013 1040
745 2874 1444 3019 elsCffljnNuectffiriitgisn
1461 2877 2030 3034 ξιξιιξιῗιεῗιειίιίιὶιιὲξ
2038 2955 2141 3013 sed
2159 2940 2261 3033 qui
2287 2957 2448 3015 hunc
2469 2936 2666 3016 virum
2690 2974 2827 3015 con-

745 3032 849 3091 das
872 3032 1157 3109 sepulcro,
1186 3034 1506 3128 quibusque
1531 3036 1719 3095 verbis
1757 3051 1898 3093 mox
1919 3033 2266 3109 respondeas
2288 3034 2542 3112 provide.
2621 3035 2828 3111 Virum
2944 3054 2947 3057 ·

745 3113 907 3171 enim
932 3113 1236 3188 conspicor
1253 3113 1589 3185 inimicum3
1630 3114 1995 3198 forsitanque
2024 3114 2266 3183 venerit,
2292 3122 2362 3173 ut
2389 3116 2492 3193 qui
2528 3112 2829 3192 improbus

631 3228 642 3235 ,
747 3190 845 3258 sit,
872 3191 1083 3248 nostris
1106 3198 1175 3248 ut
1198 3191 1385 3250 rideat
1409 3193 1594 3255 malis.

508 3304 529 3329 t
826 3268 1062 3333 TEUC.
1101 3269 1248 3332 Quis
1267 3287 1403 3328 vero
1427 3282 1517 3329 est
1540 3271 1639 3329 ille
1664 3271 1752 3329 vir
1775 3270 1849 3328 de
1875 3269 2153 3339 exercitu,
2181 3286 2356 3348 quem
2379 3256 2578 3330 vides?

564 3348 716 3407 1045
829 3345 961 3407 CH.
997 3347 1321 3414 Menelaus,
1348 3345 1514 3421 cujus
1537 3351 1727 3439 gratia
1750 3350 1866 3409 huc
1891 3351 2300 3427 navigavimus.

827 3426 1063 3485 TEUC.
1105 3426 1309 3486 Video.
1388 3425 1667 3504 Quippe
1641 3447 1766 3501 Jam
1792 3430 2152 3506 propinquus
2175 3432 2386 3505 agnitu
2409 3429 2594 3488 facilis
2618 3435 2789 3507 est?

827 3505 1035 3564 MEN.
1076 3505 1241 3565 Heus
1265 3514 1353 3574 tu,
1372 3508 1484 3566 tibi
1500 3508 1665 3566 dico.
1695 3509 1808 3567 hoc
1831 3507 2075 3575 cadaver
2095 3509 2362 3569 manibus
2381 3527 2458 3568 ne
2477 3526 2825 3587 componas·
2805 3551 2828 3581 ,

753 3584 855 3644 sed
877 3585 1031 3642 sinas
1054 3586 1139 3642 ita
1161 3593 1227 3645 ut
1253 3586 1432 3653 adest.

831 3662 1069 3722 TEUC.
1110 3663 1267 3723 Nam
1292 3682 1399 3723 cur
1420 3673 1545 3723 tam
1568 3665 1817 3743 superba
1839 3666 2014 3726 verba
2030 3659 2304 3739 jactitas?
2644 3686 2649 3697 ·

536 3739 724 3826 ,1050
833 3741 1037 3802 MEN.
1077 3743 1172 3802 Sic
1191 3743 1489 3803 decretum
1514 3745 1680 3811 mihi,
1721 3730 2023 3805 decretum
2065 3755 2128 3806 et
2157 3747 2215 3804 ei
2256 3747 2359 3826 qui
2396 3745 2684 3806 exercitui
2724 3745 2832 3804 im-

832 3897 1072 3959 TEUC.
1114 3896 1334 3960 Annon
1357 3908 1419 3961 et
1445 3920 1563 3981 quo
1585 3911 1874 3980 praetextu
1896 3891 2010 3964 hoc
2035 3906 2233 4002 jubeas
2257 3905 2445 3965 dices
2429 3906 2452 3947 ²

834 3978 1038 4038 MEN.
1078 3980 1235 4042 Quia
1273 3999 1447 4057 quem
1482 3983 1865 4058 opinabamur
1895 4005 1929 4042 e
1966 3990 2156 4060 patria
2196 3985 2500 4045 adduxisse
2525 3984 2750 4043 socium
2774 3986 2834 4038 et

757 4059 1013 4145 amicum
1038 4059 1286 4126 Achivis,
1303 4061 1477 4118 illum
1496 4064 1721 4139 experti
1743 4061 2227 4143 deprehendimus
2251 4065 2417 4122 nobis
2435 4064 2832 4128 infensiorem,
2844 4128 2852 4137 ·

571 4137 722 4195 1055
760 4138 934 4215 quam
959 4136 1257 4230 Phrygas
1239 4157 1425 4215 ipsos.
1470 4142 1572 4217 qui
1604 4144 1888 4202 exercitui
1929 4147 2198 4205 universo
2223 4141 2584 4204 machinatus
2613 4157 2831 4206 necem,

657 4221 668 4231 '
758 4222 943 4274 noctu
984 4216 1421 4293 impressionem
1448 4219 1607 4287 fecit,
1647 4229 1717 4280 ut
1757 4221 1916 4281 ferro
1951 4243 2058 4283 nos
2096 4223 2414 4284 occideret.
2458 4228 2519 4279 et
2543 4221 2654 4279 nisi
2678 4220 2834 4279 Deus

757 4296 890 4372 quis
914 4295 1026 4381 hoc
1048 4297 1329 4382 molimen
1348 4300 1723 4373 restinxisset,
1743 4318 1850 4364 nos
1872 4303 2022 4364 hac
2002 4322 2149 4385 ipsa,
2170 4320 2346 4385 quam
2365 4301 2465 4362 ille
2484 4301 2730 4363 sortitus
2750 4305 2834 4355 oet
