3017 4900
50 4144 53 4165 t

50 4194 51 4209 η

50 4214 51 4225 η

890 297 1267 376 mmpus
1318 298 1541 406 aex,
1699 283 1726 302 '
2119 310 2249 388 ms·

276 465 445 530 FAM.
481 470 766 532 Tristium
785 474 1153 552 oraculorum
1175 480 1358 535 metu.
1577 433 1600 464 δ

276 548 448 609 OED.
491 550 935 613 Quorumnam?

270 624 440 686 FAM.
481 629 932 706 Daturumqeum
956 629 1085 688 neci
1108 646 1242 688 suos
1266 636 1536 706 parentes
1561 626 1907 705 praedictum
1932 629 2141 699 metat.

271 706 441 763 OED.
483 709 606 765 Cur
627 709 810 785 igitur
835 709 971 767 huic
994 710 1120 770 seni
1145 727 1390 784 puerum
1415 714 1483 766 tu
1502 708 1760 768 dedisti?

269 777 439 843 FAM.
478 786 796 854 Miseritus,
820 788 1000 858 here5
1041 795 1105 844 et
1127 787 1264 866 quia
1285 786 1450 846 illum
1487 787 1703 864 credidi
1744 787 1809 845 in
1847 786 2018 847 aliam
2043 788 2236 881 regio-

209 876 343 929 nem,
362 863 515 922 unde
536 865 658 941 ipse
677 876 821 942 erat,
841 864 1170 927 ablaturum
1196 882 1475 941 puerum:
1512 866 1692 923 atille
1710 865 1865 924 mala
1887 866 2239 925 ad‘maxnma
2262 874 2417 931 neo

204 942 439 1004 servavit.
516 944 580 1000 Si
604 946 763 1002 enim
790 945 839 1003 is
864 962 944 1011 es,
973 961 1144 1021 quem
1170 943 1263 1001 hic
1287 943 1448 1012 dicit,
1474 946 1620 1001 scito
1642 953 1702 1001 te
1727 944 2016 1003 infelicem
2039 964 2178 1004 esse.

271 1018 446 1078 OED.
487 1021 628 1091 Hei,
654 1021 787 1081 hei!
831 1022 1030 1081 omnia
1049 1018 1178 1096 jam
1203 1022 1451 1080 evadent
1471 1022 1792 1081 manifesta.
1870 1022 1928 1081 Ο
1953 1025 2072 1091 lux,
2098 1023 2240 1081 ulti-

210 1103 350 1155 mum
373 1107 430 1176 te
457 1118 615 1158 nunc
640 1100 896 1160 videam!
935 1102 1034 1179 qui
1056 1108 1255 1177 aperte
1281 1108 1450 1159 natus
1474 1119 1605 1158 sum
1629 1119 1663 1157 e
1688 1101 1894 1177 quibus
1919 1120 2039 1161 non
2064 1120 2235 1177 opor·
2437 1158 2455 1177 „

205 1177 320 1241 tuit,
342 1194 590 1255 cumque
613 1179 822 1257 quibus
846 1197 970 1240 non
1008 1187 1260 1256 oportet,
1285 1195 1615 1248 consuesc0,
1641 1188 1703 1262 et
1726 1197 1870 1256 quos
1906 1197 2031 1240 non
2065 1198 2232 1256 opor·
2259 1188 2410 1252 118⁵
2489 1179 2504 1198 ¹

207 1254 303 1311 tuit
325 1256 603 1315 interfeci.

222 1329 247 1403 ,“
271 1333 389 1392 CH.
430 1334 590 1403 Heu,
615 1351 834 1413 genera
871 1336 1229 1402 mortalium,
1255 1353 1428 1412 quam
1454 1347 1574 1403 vos,
1599 1334 1875 1414 quamdiu
1909 1335 2115 1404 vivitis,
2140 1354 2239 1397 eo-

205 1408 317 1469 dem
340 1414 402 1470 in
423 1414 574 1481 1000,
601 1433 717 1492 quo
740 1414 908 1478 nihil,
940 1412 1221 1474 numero!
1265 1415 1409 1478 Quis
1435 1416 1614 1481 enim,
1640 1416 1768 1494 quis
1791 1415 1972 1474 homo
2000 1416 2130 1494 plus
2154 1418 2238 1482 fe-
2261 1426 2416 1487 1190

203 1489 411 1549 licitatis
460 1492 707 1560 obtinet,
752 1512 933 1571 quam
989 1500 1274 1571 quantum
1319 1493 1594 1568 opinione
1641 1493 1936 1568 concipit?
1995 1514 2240 1573 eamque

206 1585 365 1644 quum
406 1572 694 1647 concepit,
733 1580 933 1630 tamen
977 1572 1217 1629 corruit.
1290 1570 1489 1646 Tuum
1539 1572 1722 1647 igitur
1761 1573 2096 1650 exemplum
2134 1574 2237 1633 ha-

207 1645 352 1715 bens,
379 1655 541 1707 tuam
580 1649 897 1717 fortunam,
939 1658 1122 1716 tuam,
1153 1651 1406 1727 inquam,
1434 1650 1473 1709 ὁ
1509 1650 1711 1708 infelix
1748 1649 1982 1736 (Edipe,
2022 1660 2411 1721 morta-1193

201 1723 330 1783 lium
365 1728 661 1787 neminem
697 1727 934 1786 beatum
970 1728 1222 1804 praedico
1236 1752 1255 1799 3
1310 1728 1410 1804 qui
1443 1730 1595 1786 mira
1631 1729 1856 1805 ingenii
1893 1730 2128 1788 solertia
2158 1729 2234 1789 ad

202 1820 473 1864 summum
497 1807 789 1866 felicitatis
812 1807 1042 1866 culmen
1068 1817 1295 1865 evectus
1319 1825 1381 1864 es
1401 1830 1417 1877 ς
1450 1806 1491 1864 ὁ
1507 1807 1778 1882 Jupiter!
1818 1808 1917 1886 qui
1940 1820 2241 1886 perempta

200 1884 367 1941 curvis
402 1886 700 1964 unguibus
736 1902 944 1961 rapace
981 1885 1228 1962 virgine,
1255 1885 1515 1961 perplexi
1552 1886 1826 1943 carminis
1860 1897 2009 1954 vate,
2034 1897 2239 1947 contra
2260 1901 2415 1957 1200

188 1960 387 2038 ,civium
424 1964 609 2022 mdes
647 1964 1151 2041 propugnaculum
1188 1964 1394 2040 patriae
1432 1982 1580 2021 meae
1619 1965 1909 2030 exstitisti,
1939 1965 2095 2023 unde
2133 1985 2246 2034 rex„

197 2055 343 2097 meus
370 2044 605 2107 vocaris,
630 2051 692 2100 et
715 2042 999 2101 maximos
1036 2044 1286 2100 honores
1311 2041 1551 2117 adeptus
1565 2060 1657 2110 es,
1684 2044 1912 2118 magnis
1936 2044 2000 2101 in
2019 2043 2241 2103 Thebis

200 2116 485 2194 imperium
524 2121 818 2180 obtinens.
882 2118 1075 2178 Nunc
1111 2129 1330 2185 autem,
1354 2129 1423 2176 ut
1461 2119 1656 2186 audio,
1683 2122 1809 2197 quis
1831 2131 1889 2178 te
1927 2122 2236 2192 miserior?
2401 2165 2410 2170 .

201 2197 311 2272 quis
332 2199 389 2255 in
416 2201 710 2267 arumnis,
736 2201 862 2276 quis
886 2198 1129 2256 immani
1152 2199 1217 2268 in
1238 2215 1395 2256 noxa
1416 2215 1580 2274 teque
1604 2197 1896 2257 demersus
1920 2200 2052 2258 vitoe
2075 2201 2239 2260 vicis·
2260 2211 2414 2269 1206

198 2273 468 2334 titudine?
552 2278 608 2335 Ο
632 2279 908 2354 inclytum
933 2277 1139 2353 OEdipi
1173 2276 1386 2352 caput!
1429 2278 1529 2334 cni
1563 2293 1716 2334 unus
1740 2284 1802 2333 et
1825 2277 1976 2335 idem
2015 2277 2240 2337 suffecit

197 2360 398 2428 portus,
425 2373 546 2434 quo
573 2357 719 2416 filius
744 2365 805 2414 et
827 2363 1004 2432 pater,
1017 2364 1079 2412 et
1101 2353 1344 2434 sponsus
1365 2356 1724 2429 excipereris.
1766 2355 2097 2430 QuomodO,
2121 2375 2239 2435 quo
2261 2369 2417 2425 1210

199 2432 417 2493 tandem
441 2433 621 2493 modo
656 2435 884 2512 paterni
920 2443 981 2492 te
1018 2434 1161 2492 sulci
1200 2434 1352 2493 ferre
1389 2434 1621 2492 silentio
1658 2445 1901 2510 potuere
1940 2445 2062 2495 tam
2091 2434 2236 2499 diu?

200 2505 437 2572 Invitum
461 2522 525 2569 te
550 2513 927 2589 deprehendit
946 2516 1144 2574 omnia
1159 2530 1401 2589 cernens
1426 2521 1658 2587 tempus
1672 2535 1687 2565 ε
1724 2513 2239 2590 damnat'inauspi-

195 2598 331 2649 eatae
364 2591 593 2668 pridem
632 2595 862 2669 nuptias
898 2593 1179 2669 genitoris
1217 2592 1392 2650 simul
1423 2601 1481 2648 et
1505 2592 1711 2669 geniti.
1788 2592 1844 2648 Ο
1868 2591 2005 2651 Laii
2030 2598 2238 2671 pro'ge-
2259 2605 2413 2671 1215

198 2668 324 2735 hies,
363 2672 593 2731 utinam
626 2671 893 2730 vidissem
931 2687 1229 2747 nunquam
1254 2671 1268 2726 Ξ
1313 2677 1373 2727 te
1410 2671 1570 2728 enim
1594 2671 1965 2728 vehementer
2000 2670 2240 2747 deploro

195 2749 406 2824 magnis
431 2746 760 2821 ejulatibus.
800 2748 886 2806 Ut
906 2766 1039 2806 vera
1061 2757 1261 2807 tamen
1284 2749 1494 2817 dicam,
1514 2749 1818 2827 recepique
1840 2751 2109 2826 spiritum
2134 2769 2238 2828 per
2259 2760 2416 2818 1220

195 2831 264 2891 te,
285 2836 341 2883 et
365 2845 474 2902 per
498 2836 559 2884 te
579 2828 762 2903 sopivi
784 2844 942 2886 meos
966 2826 1185 2885 oculos.
2370 2860 2376 2869 ι
2413 2828 2422 2835 “

259 2902 416 2964 INT.
454 2907 513 2964 Ο
537 2903 709 2979 hujus
746 2906 904 2976 urbis
929 2905 1216 2982 dignitate
1250 2905 1558 2982 principes,
1584 2905 1776 2983 qualia
1796 2906 2053 2966 facinora
2074 2906 2257 2968 audi?
2509 2971 2517 2977 ,

197 2982 325 3049 etis?
368 2985 566 3062 qualia
602 2993 667 3047 et
705 2984 1004 3043 videbitis?
1047 2990 1445 3061 quantumque
1484 2984 1762 3043 haurietis
1791 2984 2037 3053 luctum,
2061 2987 2237 3064 siqui-
2258 2994 2412 3056 1225

194 3057 311 3120 dem
348 3066 502 3121 serio
538 3064 728 3122 adhuc
752 3062 912 3121 vobis
950 3080 1104 3122 curae
1141 3073 1230 3118 est
1267 3060 1727 3119 Labdacidarum
1759 3061 2004 3122 domus?
2025 3064 2239 3123 ‘Credo
2477 3089 2482 3094 ·

194 3140 333 3199 enim
356 3160 549 3218 neque
575 3141 810 3208 Istrum,
826 3138 936 3200 nec
955 3140 1168 3203 Phasin
1189 3140 1424 3197 abluere
1444 3148 1618 3217 atque
1637 3141 1867 3215 expiare
1889 3159 2051 3218 posse
2075 3143 2240 3220 flagi-

198 3217 269 3273 tia
289 3238 417 3296 quae
441 3221 507 3277 in
529 3222 638 3279 hac
661 3221 839 3278 domo
860 3221 1064 3285 latent,
1092 3236 1333 3295 quaeque
1370 3235 1509 3276 mox
1537 3220 1600 3275 in
1623 3219 1812 3277 lucem
1850 3221 2239 3295 proferentur,

196 3306 405 3370 sponte,
432 3316 542 3357 nec
584 3299 703 3356 ullo
739 3306 1007 3376 cogente,
1033 3297 1296 3360 admissa,
1371 3296 1670 3357 Malorum
1705 3315 1842 3355 vero
1882 3317 1953 3357 ea
1988 3301 2239 3359 maxime
2249 3296 2415 3365 '1230

193 3370 393 3445 dolent,
417 3395 548 3455 quoe
574 3377 729 3435 ultro
751 3383 1132 3435 arcessuntur.
1596 3388 1601 3397 ·
1746 3437 1753 3444 ,
1825 3380 1848 3449 ’Δ
2046 3379 2052 3386 ’

260 3455 389 3515 CH.
426 3456 608 3514 Deest
632 3457 867 3533 quidem
900 3456 1068 3521 nihil,
1095 3455 1236 3532 quin
1260 3452 1624 3513 acerbissima
1645 3455 1781 3520 sint,
1808 3473 1937 3534 quae
1959 3454 2121 3531 prius
2143 3455 2239 3514 re-

192 3530 441 3593 ceivimus
462 3559 479 3593 z
522 3535 597 3592 ad
620 3535 721 3592 illa
742 3552 880 3592 vero
907 3533 1045 3610 quid
1070 3535 1225 3591 ultra
1244 3533 1518 3590 nuntias?
2073 3538 2078 3542 ’
2251 3599 2258 3605 ,

259 3609 418 3671 lNT.
462 3612 550 3671 Ut
572 3614 923 3690 paucissimis
947 3621 1009 3672 et
1040 3629 1154 3693 ego
1178 3611 1386 3679 dicam,
1412 3618 1472 3668 et
1496 3627 1595 3670 vos
1634 3609 1988 3690 intelligatis,
2010 3611 2237 3697 interiit
2255 3611 2410 3682 1285
2459 3686 2465 3690 ·

191 3684 372 3749 divum
395 3691 627 3750 Jocaste
651 3700 843 3767 capnt.
1585 3704 1599 3727 ⁶
1868 3734 1874 3739 .
2222 3705 2251 3738 1

197 3769 389 3903 111ΙΟΗ.
430 3770 490 3828 Ο
528 3770 932 3848 multipliciter
977 3767 1289 3830 miseram?
1347 3783 1614 3845 quaenam
1672 3766 1758 3825 illi
1808 3785 1979 3827 causa
2035 3769 2241 3831 mortio

264 3846 333 3904 ·t.>
1990 3869 1995 3875 ’
2259 3903 2264 3909 .
2337 3851 2345 3860 “

262 3924 418 3986 ῙΝΤ.
460 3927 707 3986 Sibimet
755 3928 897 4002 ipsa.
975 3925 1032 3987 E
1067 3925 1232 3983 factis
1274 3928 1473 3983 autem
1512 3914 1668 4001 quod
1704 3924 1957 3985 maxime
1993 3922 2240 4003 doleret,
2330 3924 2349 3935 “

195 3998 340 4063 abest
362 4030 377 4061 z
420 4020 542 4063 non
558 4007 728 4081 enim
752 4010 881 4063 ‘rem
904 4003 1078 4062 datur
1099 4019 1355 4061 cernere.
1392 4000 1637 4066 Tamen,
1665 4012 1947 4079 quantum
1972 4021 2086 4083 ego
2115 4021 2239 4064 me·

190 4085 360 4143 moria
380 4092 576 4150 teneo,
602 4083 799 4143 audies
823 4076 979 4141 mins
1005 4084 1228 4140 miserae
1252 4096 1417 4138 casus
1441 4079 1694 4138 acerbos.
2044 4144 2051 4155 ⁴
2260 4080 2420 4151 12⁴0

266 4161 346 4219 Ut
371 4166 528 4220 enim
552 4164 803 4298 flagsans
826 4163 915 4218 ira
936 4161 1094 4217 intra
1129 4157 1481 4219 vestibulum
1519 4175 1580 4215 se
1609 4156 1882 4234 abripuit,
1918 4164 2078 4241 recta
2100 4158 2275 4228 cons
2347 4168 2358 4175 ’

194 4240 365 4300 tendit
385 4242 461 4298 ad
486 4242 626 4318 geni
686 4258 746 4297 es
769 4238 1073 4302 thalamos,
1098 4254 1291 4296 comas
1323 4235 1582 4294 heerans
1616 4245 2069 4379 utraffimanu
2084 4259 2100 4291 ε
2142 4234 2246 4294 ubi
2427 4278 2436 4287 ,

193 4329 371 4389 satem
396 4321 558 4383 intro
579 4319 878 4401 concessit,
904 4317 1144 4397 occlusit!
1181 4314 1423 4415 {oribtjtq
1447 4315 1737 4397 invqcavst,
1820 4378 1839 4393 ,
1865 4316 1982 4397 sum
1992 4309 2419 4403 JWRfiJAE²45

1884 4379 1898 4399 a
