<?xml version="1.0" encoding="UTF-8"?>
<!DOCTYPE html PUBLIC "-//W3C//DTD XHTML 1.0 Transitional//EN"
    "http://www.w3.org/TR/xhtml1/DTD/xhtml1-transitional.dtd">
<html xmlns="http://www.w3.org/1999/xhtml" xml:lang="en" lang="en">
 <head>
  <title>
</title>
<meta http-equiv="Content-Type" content="text/html;charset=utf-8" />
  <meta name='ocr-system' content='tesseract 3.04.00' />
  <meta name='ocr-capabilities' content='ocr_page ocr_carea ocr_par ocr_line ocrx_word'/>
</head>
<body>
  <div class='ocr_page' id='page_1' title='image "./tragoediaesepte00unkngoog_0223.png"; bbox 0 0 3017 4900; ppageno 0'>
   <div class='ocr_carea' id='block_1_1' title="bbox 1218 282 2417 380">
    <p class='ocr_par' dir='ltr' id='par_1_1' title="bbox 1218 282 2417 380">
     <span class='ocr_line' id='line_1_1' title="bbox 1218 282 2417 380; baseline 0 -27"><span class='ocrx_word' id='word_1_1' title='bbox 1218 282 1494 354; x_wconf 74' lang='lat' dir='ltr'><strong>AJAX.</strong></span> <span class='ocrx_word' id='word_1_2' title='bbox 1768 307 1775 332; x_wconf 59' lang='lat' dir='ltr'>f</span> <span class='ocrx_word' id='word_1_3' title='bbox 2275 294 2417 380; x_wconf 68' lang='lat' dir='ltr'><strong>sis,</strong></span> 
     </span>
    </p>
   </div>
   <div class='ocr_carea' id='block_1_2' title="bbox 234 452 2797 4285">
    <p class='ocr_par' dir='ltr' id='par_1_2' title="bbox 293 452 2615 1241">
     <span class='ocr_line' id='line_1_2' title="bbox 377 452 2409 547; baseline -0.001 -24"><span class='ocrx_word' id='word_1_4' title='bbox 377 457 619 523; x_wconf 82' lang='lat' dir='ltr'><strong>ULYS.</strong></span> <span class='ocrx_word' id='word_1_5' title='bbox 658 458 816 522; x_wconf 79' lang='lat' dir='ltr'><strong>Audi</strong></span> <span class='ocrx_word' id='word_1_6' title='bbox 851 460 1054 539; x_wconf 64' lang='lat' dir='ltr'><strong>igitur.</strong></span> <span class='ocrx_word' id='word_1_7' title='bbox 1132 458 1340 517; x_wconf 81' lang='lat' dir='ltr'><strong>Virum</strong></span> <span class='ocrx_word' id='word_1_8' title='bbox 1377 452 2011 547; x_wconf 56' lang='lat' dir='ltr'><strong>beneven-Deusta·</strong></span> <span class='ocrx_word' id='word_1_9' title='bbox 2000 457 2305 529; x_wconf 65' lang='lat' dir='ltr'><strong>wbtestor,</strong></span> <span class='ocrx_word' id='word_1_10' title='bbox 2328 478 2409 520; x_wconf 80' lang='lat' dir='ltr'><strong>ne</strong></span> 
     </span>
     <span class='ocr_line' id='line_1_3' title="bbox 293 532 2409 617; baseline -0 -18"><span class='ocrx_word' id='word_1_11' title='bbox 293 544 602 602; x_wconf 59' lang='lat' dir='ltr'><strong>maneas</strong></span> <span class='ocrx_word' id='word_1_12' title='bbox 617 541 978 617; x_wconf 79' lang='lat' dir='ltr'><strong>insepultum</strong></span> <span class='ocrx_word' id='word_1_13' title='bbox 1001 538 1150 597; x_wconf 85' lang='lat' dir='ltr'><strong>adeo</strong></span> <span class='ocrx_word' id='word_1_14' title='bbox 1171 537 1558 600; x_wconf 71' lang='lat' dir='ltr'><strong>inclementer</strong></span> <span class='ocrx_word' id='word_1_15' title='bbox 1580 532 1870 609; x_wconf 77' lang='lat' dir='ltr'><strong>abjicere.</strong></span> <span class='ocrx_word' id='word_1_16' title='bbox 2028 556 2105 598; x_wconf 86' lang='lat' dir='ltr'><strong>ue</strong></span> <span class='ocrx_word' id='word_1_17' title='bbox 2128 538 2409 598; x_wconf 75' lang='lat' dir='ltr'><strong>violentia</strong></span> 
     </span>
     <span class='ocr_line' id='line_1_4' title="bbox 303 614 2600 711; baseline -0.001 -33"><span class='ocrx_word' id='word_1_18' title='bbox 303 614 1871 711; x_wconf 71' lang='lat' dir='ltr'><strong>tenllomodovineatusqueadeoodisse,utfass</strong></span> <span class='ocrx_word' id='word_1_19' title='bbox 2076 615 2600 694; x_wconf 55' lang='lat' dir='ltr'><strong>demens-1335</strong></span> 
     </span>
     <span class='ocr_line' id='line_1_5' title="bbox 301 692 2412 758; baseline -0.001 -3"><span class='ocrx_word' id='word_1_20' title='bbox 301 696 467 755; x_wconf 77' lang='lat' dir='ltr'><strong>beas.</strong></span> <span class='ocrx_word' id='word_1_21' title='bbox 507 697 978 756; x_wconf 81' lang='lat' dir='ltr'><strong>Namerstmihi</strong></span> <span class='ocrx_word' id='word_1_22' title='bbox 1002 692 1598 754; x_wconf 73' lang='lat' dir='ltr'><strong>obminimicissimus</strong></span> <span class='ocrx_word' id='word_1_23' title='bbox 1619 692 1817 752; x_wconf 79' lang='lat' dir='ltr'><strong>illeex</strong></span> <span class='ocrx_word' id='word_1_24' title='bbox 1839 694 2005 752; x_wconf 89' lang='lat' dir='ltr'><strong>omni</strong></span> <span class='ocrx_word' id='word_1_25' title='bbox 2028 696 2313 758; x_wconf 76' lang='lat' dir='ltr'><strong>exercitu.</strong></span> <span class='ocrx_word' id='word_1_26' title='bbox 2331 713 2412 753; x_wconf 78' lang='lat' dir='ltr'><strong>ex</strong></span> 
     </span>
     <span class='ocr_line' id='line_1_6' title="bbox 308 770 2411 852; baseline -0.002 -16"><span class='ocrx_word' id='word_1_27' title='bbox 308 791 438 852; x_wconf 86' lang='lat' dir='ltr'><strong>quo</strong></span> <span class='ocrx_word' id='word_1_28' title='bbox 459 776 611 834; x_wconf 78' lang='lat' dir='ltr'><strong>mihi</strong></span> <span class='ocrx_word' id='word_1_29' title='bbox 633 775 865 834; x_wconf 81' lang='lat' dir='ltr'><strong>addicta</strong></span> <span class='ocrx_word' id='word_1_30' title='bbox 885 774 1130 834; x_wconf 83' lang='lat' dir='ltr'><strong>fuerunt</strong></span> <span class='ocrx_word' id='word_1_31' title='bbox 1154 770 1395 829; x_wconf 84' lang='lat' dir='ltr'><strong>Achillis</strong></span> <span class='ocrx_word' id='word_1_32' title='bbox 1418 787 1617 829; x_wconf 85' lang='lat' dir='ltr'><strong>arma.</strong></span> <span class='ocrx_word' id='word_1_33' title='bbox 1659 778 1722 832; x_wconf 75' lang='lat' dir='ltr'><strong>at</strong></span> <span class='ocrx_word' id='word_1_34' title='bbox 1759 771 1947 830; x_wconf 86' lang='grc' dir='ltr'><strong>ιιιιιιιι</strong></span> <span class='ocrx_word' id='word_1_35' title='bbox 1954 780 2175 839; x_wconf 76' lang='lat' dir='ltr'><strong>tamen.</strong></span> <span class='ocrx_word' id='word_1_36' title='bbox 2198 774 2312 830; x_wconf 78' lang='lat' dir='ltr'><strong>etsi</strong></span> <span class='ocrx_word' id='word_1_37' title='bbox 2332 790 2411 831; x_wconf 85' lang='lat' dir='ltr'><strong>eo</strong></span> 
     </span>
     <span class='ocr_line' id='line_1_7' title="bbox 307 847 2411 925; baseline -0.001 -13"><span class='ocrx_word' id='word_1_38' title='bbox 307 854 380 911; x_wconf 85' lang='grc' dir='ltr'><strong>ιιι</strong></span> <span class='ocrx_word' id='word_1_39' title='bbox 406 871 505 912; x_wconf 89' lang='lat' dir='ltr'><strong>me</strong></span> <span class='ocrx_word' id='word_1_40' title='bbox 525 856 745 919; x_wconf 81' lang='lat' dir='ltr'><strong>animo,</strong></span> <span class='ocrx_word' id='word_1_41' title='bbox 768 868 892 910; x_wconf 84' lang='lat' dir='ltr'><strong>non</strong></span> <span class='ocrx_word' id='word_1_42' title='bbox 914 854 1000 910; x_wconf 86' lang='lat' dir='ltr'><strong>ita</strong></span> <span class='ocrx_word' id='word_1_43' title='bbox 1021 849 1341 925; x_wconf 79' lang='lat' dir='ltr'><strong>despiestui</strong></span> <span class='ocrx_word' id='word_1_44' title='bbox 1364 847 1635 917; x_wconf 74' lang='lat' dir='ltr'><strong>habeam,</strong></span> <span class='ocrx_word' id='word_1_45' title='bbox 1659 857 1730 908; x_wconf 87' lang='grc' dir='ltr'><strong>ιιι</strong></span> <span class='ocrx_word' id='word_1_46' title='bbox 1746 866 1871 907; x_wconf 85' lang='grc' dir='ltr'><strong>ιιοιι</strong></span> <span class='ocrx_word' id='word_1_47' title='bbox 1894 848 2080 909; x_wconf 80' lang='lat' dir='ltr'><strong>fatear</strong></span> <span class='ocrx_word' id='word_1_48' title='bbox 2101 867 2289 910; x_wconf 72' lang='lat' dir='ltr'><strong>unum</strong></span> <span class='ocrx_word' id='word_1_49' title='bbox 2313 867 2411 910; x_wconf 81' lang='lat' dir='ltr'><strong>me</strong></span> 
     </span>
     <span class='ocr_line' id='line_1_8' title="bbox 306 923 2608 1020; baseline -0.001 -32"><span class='ocrx_word' id='word_1_50' title='bbox 306 930 527 989; x_wconf 75' lang='lat' dir='ltr'><strong>vidisse</strong></span> <span class='ocrx_word' id='word_1_51' title='bbox 566 930 953 990; x_wconf 80' lang='lat' dir='ltr'><strong>fortissimum</strong></span> <span class='ocrx_word' id='word_1_52' title='bbox 988 930 1363 1017; x_wconf 76' lang='lat' dir='ltr'><strong>Argivorum,</strong></span> <span class='ocrx_word' id='word_1_53' title='bbox 1400 934 1692 1020; x_wconf 73' lang='lat' dir='ltr'><strong>quotquot</strong></span> <span class='ocrx_word' id='word_1_54' title='bbox 1727 926 1806 985; x_wconf 79' lang='lat' dir='ltr'><strong>ad</strong></span> <span class='ocrx_word' id='word_1_55' title='bbox 1840 923 2086 1000; x_wconf 72' lang='lat' dir='ltr'><strong>Troiam</strong></span> <span class='ocrx_word' id='word_1_56' title='bbox 2123 929 2411 995; x_wconf 75' lang='lat' dir='ltr'><strong>venimus.</strong></span> <span class='ocrx_word' id='word_1_57' title='bbox 2448 938 2608 994; x_wconf 77' lang='grc'><strong>1340</strong></span> 
     </span>
     <span class='ocr_line' id='line_1_9' title="bbox 304 1002 2511 1084; baseline -0.002 -17"><span class='ocrx_word' id='word_1_58' title='bbox 304 1016 567 1084; x_wconf 84' lang='lat' dir='ltr'><strong>excepto</strong></span> <span class='ocrx_word' id='word_1_59' title='bbox 590 1008 836 1069; x_wconf 82' lang='lat' dir='ltr'><strong>Achille.</strong></span> <span class='ocrx_word' id='word_1_60' title='bbox 885 1006 1179 1068; x_wconf 80' lang='lat' dir='ltr'>Proinde</span> <span class='ocrx_word' id='word_1_61' title='bbox 1161 1002 1418 1078; x_wconf 75' lang='lat' dir='ltr'><strong>injurius</strong></span> <span class='ocrx_word' id='word_1_62' title='bbox 1440 1005 1541 1072; x_wconf 87' lang='lat' dir='ltr'><strong>sis,</strong></span> <span class='ocrx_word' id='word_1_63' title='bbox 1564 1007 1616 1062; x_wconf 88' lang='lat' dir='ltr'><strong>si</strong></span> <span class='ocrx_word' id='word_1_64' title='bbox 1638 1022 1781 1066; x_wconf 84' lang='lat' dir='ltr'><strong>eum</strong></span> <span class='ocrx_word' id='word_1_65' title='bbox 1804 1023 1915 1064; x_wconf 88' lang='lat' dir='ltr'><strong>suo</strong></span> <span class='ocrx_word' id='word_1_66' title='bbox 1935 1007 2124 1081; x_wconf 82' lang='lat' dir='ltr'><strong>prives</strong></span> <span class='ocrx_word' id='word_1_67' title='bbox 2147 1006 2373 1066; x_wconf 74' lang='lat' dir='ltr'><strong>bonone</strong></span> <span class='ocrx_word' id='word_1_68' title='bbox 2390 1021 2423 1062; x_wconf 72' lang='grc' dir='ltr'><strong>ι</strong></span> <span class='ocrx_word' id='word_1_69' title='bbox 2492 1029 2511 1050; x_wconf 68' lang='lat' dir='ltr'><strong><em>s</em></strong></span> 
     </span>
     <span class='ocr_line' id='line_1_10' title="bbox 305 1065 2615 1159; baseline -0.002 -14"><span class='ocrx_word' id='word_1_70' title='bbox 305 1104 443 1154; x_wconf 72' lang='lat' dir='ltr'><strong>non</strong></span> <span class='ocrx_word' id='word_1_71' title='bbox 460 1087 622 1145; x_wconf 88' lang='lat' dir='ltr'><strong>enim</strong></span> <span class='ocrx_word' id='word_1_72' title='bbox 646 1089 827 1152; x_wconf 72' lang='lat' dir='ltr'><strong>hunc,</strong></span> <span class='ocrx_word' id='word_1_73' title='bbox 844 1086 951 1146; x_wconf 83' lang='lat' dir='ltr'><strong>sed</strong></span> <span class='ocrx_word' id='word_1_74' title='bbox 972 1085 1239 1144; x_wconf 61' lang='lat' dir='ltr'><strong>morum</strong></span> <span class='ocrx_word' id='word_1_75' title='bbox 1263 1084 1423 1159; x_wconf 74' lang='lat' dir='ltr'><strong>leges</strong></span> <span class='ocrx_word' id='word_1_76' title='bbox 1447 1065 1765 1142; x_wconf 72' lang='lat' dir='ltr'><strong>violaveris.</strong></span> <span class='ocrx_word' id='word_1_77' title='bbox 1809 1084 2015 1142; x_wconf 87' lang='lat' dir='ltr'><strong>Virum</strong></span> <span class='ocrx_word' id='word_1_78' title='bbox 2040 1090 2243 1143; x_wconf 79' lang='lat' dir='ltr'><strong>autem</strong></span> <span class='ocrx_word' id='word_1_79' title='bbox 2266 1091 2414 1144; x_wconf 74' lang='lat' dir='ltr'><strong>stre·-</strong></span> <span class='ocrx_word' id='word_1_80' title='bbox 2606 1113 2615 1126; x_wconf 86' lang='lat'><strong>·</strong></span> 
     </span>
     <span class='ocr_line' id='line_1_11' title="bbox 302 1159 2608 1241; baseline -0.002 -18"><span class='ocrx_word' id='word_1_81' title='bbox 302 1182 512 1223; x_wconf 86' lang='lat' dir='ltr'><strong>nuum</strong></span> <span class='ocrx_word' id='word_1_82' title='bbox 537 1165 698 1223; x_wconf 76' lang='lat' dir='ltr'><strong>nefas</strong></span> <span class='ocrx_word' id='word_1_83' title='bbox 721 1171 811 1224; x_wconf 88' lang='lat' dir='ltr'><strong>est</strong></span> <span class='ocrx_word' id='word_1_84' title='bbox 834 1173 969 1241; x_wconf 88' lang='lat' dir='ltr'><strong>post</strong></span> <span class='ocrx_word' id='word_1_85' title='bbox 991 1171 1246 1223; x_wconf 87' lang='lat' dir='ltr'><strong>mortem</strong></span> <span class='ocrx_word' id='word_1_86' title='bbox 1269 1161 1502 1229; x_wconf 71' lang='lat' dir='ltr'><strong>loedem,</strong></span> <span class='ocrx_word' id='word_1_87' title='bbox 1530 1178 1609 1219; x_wconf 88' lang='lat' dir='ltr'><strong>ne</strong></span> <span class='ocrx_word' id='word_1_88' title='bbox 1631 1159 1868 1240; x_wconf 81' lang='lat' dir='ltr'><strong>quidem</strong></span> <span class='ocrx_word' id='word_1_89' title='bbox 1893 1162 1944 1218; x_wconf 83' lang='lat' dir='ltr'><strong>si</strong></span> <span class='ocrx_word' id='word_1_90' title='bbox 1965 1169 2142 1222; x_wconf 78' lang='lat' dir='ltr'><strong>antea</strong></span> <span class='ocrx_word' id='word_1_91' title='bbox 2162 1161 2374 1220; x_wconf 83' lang='lat' dir='ltr'><strong>oderis.</strong></span> <span class='ocrx_word' id='word_1_92' title='bbox 2451 1169 2608 1229; x_wconf 72' lang='lat'><strong>1345</strong></span> 
     </span>
    </p>

    <p class='ocr_par' dir='ltr' id='par_1_3' title="bbox 301 1235 2419 1381">
     <span class='ocr_line' id='line_1_12' title="bbox 393 1235 2419 1364; baseline -0.001 -63"><span class='ocrx_word' id='word_1_93' title='bbox 393 1242 656 1364; x_wconf 40' lang='grc' dir='ltr'><strong>ΑΕΔΗ.</strong></span> <span class='ocrx_word' id='word_1_94' title='bbox 698 1243 872 1302; x_wconf 85' lang='lat' dir='ltr'><strong>Tune</strong></span> <span class='ocrx_word' id='word_1_95' title='bbox 909 1242 988 1301; x_wconf 84' lang='lat' dir='ltr'><strong>ad</strong></span> <span class='ocrx_word' id='word_1_96' title='bbox 1021 1242 1183 1301; x_wconf 82' lang='lat' dir='ltr'><strong>hune</strong></span> <span class='ocrx_word' id='word_1_97' title='bbox 1221 1238 1490 1307; x_wconf 83' lang='lat' dir='ltr'><strong>modum,</strong></span> <span class='ocrx_word' id='word_1_98' title='bbox 1536 1235 1762 1318; x_wconf 69' lang='lat' dir='ltr'><strong>ulysse,</strong></span> <span class='ocrx_word' id='word_1_99' title='bbox 1812 1237 1992 1314; x_wconf 71' lang='grc' dir='ltr'><strong>ιιιῃιιε</strong></span> <span class='ocrx_word' id='word_1_100' title='bbox 2033 1240 2228 1318; x_wconf 69' lang='lat' dir='ltr'><strong>gratia</strong></span> <span class='ocrx_word' id='word_1_101' title='bbox 2269 1240 2419 1300; x_wconf 75' lang='lat' dir='ltr'><strong>mihi</strong></span> 
     </span>
     <span class='ocr_line' id='line_1_13' title="bbox 301 1321 579 1381; baseline -0.012 0"><span class='ocrx_word' id='word_1_102' title='bbox 301 1321 579 1381; x_wconf 71' lang='lat' dir='ltr'><strong>resistis.</strong></span> 
     </span>
    </p>

    <p class='ocr_par' dir='ltr' id='par_1_4' title="bbox 399 1395 2324 1475">
     <span class='ocr_line' id='line_1_14' title="bbox 399 1395 2324 1475; baseline 0 -17"><span class='ocrx_word' id='word_1_103' title='bbox 399 1399 637 1458; x_wconf 84' lang='lat' dir='ltr'><strong>ULYS.</strong></span> <span class='ocrx_word' id='word_1_104' title='bbox 677 1400 830 1462; x_wconf 74' lang='lat' dir='ltr'><strong>Sane</strong></span> <span class='ocrx_word' id='word_1_105' title='bbox 853 1397 1156 1475; x_wconf 78' lang='lat' dir='ltr'><strong>equidem·</strong></span> <span class='ocrx_word' id='word_1_106' title='bbox 1201 1395 1441 1456; x_wconf 83' lang='lat' dir='ltr'><strong>oderam</strong></span> <span class='ocrx_word' id='word_1_107' title='bbox 1468 1412 1627 1464; x_wconf 81' lang='lat' dir='ltr'><strong>vero,</strong></span> <span class='ocrx_word' id='word_1_108' title='bbox 1652 1413 1837 1475; x_wconf 81' lang='lat' dir='ltr'><strong>quum</strong></span> <span class='ocrx_word' id='word_1_109' title='bbox 1857 1397 2045 1456; x_wconf 81' lang='lat' dir='ltr'><strong>odisse</strong></span> <span class='ocrx_word' id='word_1_110' title='bbox 2068 1397 2159 1458; x_wconf 73' lang='lat' dir='ltr'><strong>fas</strong></span> <span class='ocrx_word' id='word_1_111' title='bbox 2180 1406 2324 1458; x_wconf 77' lang='lat' dir='ltr'><strong>erat.</strong></span> 
     </span>
    </p>

    <p class='ocr_par' dir='ltr' id='par_1_5' title="bbox 337 1474 2088 1553">
     <span class='ocr_line' id='line_1_15' title="bbox 337 1474 2088 1553; baseline -0.001 -16.962"><span class='ocrx_word' id='word_1_112' title='bbox 337 1476 657 1540; x_wconf 80' lang='lat' dir='ltr'><strong>AGAM.</strong></span> <span class='ocrx_word' id='word_1_113' title='bbox 697 1477 840 1536; x_wconf 87' lang='lat' dir='ltr'><strong>Non</strong></span> <span class='ocrx_word' id='word_1_114' title='bbox 864 1479 1062 1553; x_wconf 81' lang='lat' dir='ltr'><strong>itaque</strong></span> <span class='ocrx_word' id='word_1_115' title='bbox 1085 1486 1147 1533; x_wconf 89' lang='lat' dir='ltr'><strong>et</strong></span> <span class='ocrx_word' id='word_1_116' title='bbox 1173 1483 1411 1534; x_wconf 85' lang='lat' dir='ltr'><strong>mortuo</strong></span> <span class='ocrx_word' id='word_1_117' title='bbox 1431 1474 1717 1534; x_wconf 65' lang='lat' dir='ltr'><strong>,insultare</strong></span> <span class='ocrx_word' id='word_1_118' title='bbox 1740 1485 1801 1533; x_wconf 80' lang='lat' dir='ltr'><strong>te</strong></span> <span class='ocrx_word' id='word_1_119' title='bbox 1827 1493 1934 1551; x_wconf 81' lang='lat' dir='ltr'><strong>par</strong></span> <span class='ocrx_word' id='word_1_120' title='bbox 1956 1478 2088 1535; x_wconf 75' lang='lat' dir='ltr'><strong>est?</strong></span> 
     </span>
    </p>

    <p class='ocr_par' dir='ltr' id='par_1_6' title="bbox 399 1552 1746 1632">
     <span class='ocr_line' id='line_1_16' title="bbox 399 1552 1746 1632; baseline -0.002 -19"><span class='ocrx_word' id='word_1_121' title='bbox 399 1554 642 1615; x_wconf 82' lang='lat' dir='ltr'><strong>ULYS.</strong></span> <span class='ocrx_word' id='word_1_122' title='bbox 678 1554 776 1612; x_wconf 90' lang='lat' dir='ltr'><strong>Ne</strong></span> <span class='ocrx_word' id='word_1_123' title='bbox 798 1553 1075 1632; x_wconf 80' lang='lat' dir='ltr'><strong>gaudeas,</strong></span> <span class='ocrx_word' id='word_1_124' title='bbox 1101 1552 1328 1618; x_wconf 78' lang='lat' dir='ltr'>Atrida,</span> <span class='ocrx_word' id='word_1_125' title='bbox 1353 1553 1543 1627; x_wconf 88' lang='lat' dir='ltr'><strong>impio</strong></span> <span class='ocrx_word' id='word_1_126' title='bbox 1564 1553 1746 1614; x_wconf 74' lang='lat' dir='ltr'><strong>luero.</strong></span> 
     </span>
    </p>

    <p class='ocr_par' dir='ltr' id='par_1_7' title="bbox 398 1630 2618 1712">
     <span class='ocr_line' id='line_1_17' title="bbox 398 1630 2618 1712; baseline 0 -20"><span class='ocrx_word' id='word_1_127' title='bbox 398 1633 656 1694; x_wconf 76' lang='lat' dir='ltr'><strong>AGAM.</strong></span> <span class='ocrx_word' id='word_1_128' title='bbox 696 1633 984 1692; x_wconf 85' lang='lat' dir='ltr'><strong>Pietatem</strong></span> <span class='ocrx_word' id='word_1_129' title='bbox 1007 1631 1225 1708; x_wconf 80' lang='lat' dir='ltr'><strong>ubique</strong></span> <span class='ocrx_word' id='word_1_130' title='bbox 1247 1631 1461 1696; x_wconf 84' lang='lat' dir='ltr'><strong>eolere,</strong></span> <span class='ocrx_word' id='word_1_131' title='bbox 1487 1630 1645 1688; x_wconf 86' lang='lat' dir='ltr'><strong>haud</strong></span> <span class='ocrx_word' id='word_1_132' title='bbox 1671 1631 1839 1689; x_wconf 77' lang='lat' dir='ltr'><strong>facile</strong></span> <span class='ocrx_word' id='word_1_133' title='bbox 1863 1640 1952 1694; x_wconf 88' lang='lat' dir='ltr'><strong>est</strong></span> <span class='ocrx_word' id='word_1_134' title='bbox 1976 1635 2137 1712; x_wconf 57' lang='lat' dir='ltr'><strong>regi.</strong></span> <span class='ocrx_word' id='word_1_135' title='bbox 2458 1640 2618 1701; x_wconf 76' lang='lat'><strong>1850</strong></span> 
     </span>
    </p>

    <p class='ocr_par' dir='ltr' id='par_1_8' title="bbox 357 1708 2035 1801">
     <span class='ocr_line' id='line_1_18' title="bbox 357 1708 2035 1801; baseline 0.001 -32.059"><span class='ocrx_word' id='word_1_136' title='bbox 357 1710 640 1769; x_wconf 83' lang='lat' dir='ltr'><strong>ULYS.</strong></span> <span class='ocrx_word' id='word_1_137' title='bbox 676 1712 760 1770; x_wconf 86' lang='lat' dir='ltr'><strong>At</strong></span> <span class='ocrx_word' id='word_1_138' title='bbox 783 1711 954 1769; x_wconf 74' lang='lat' dir='ltr'><strong>facile</strong></span> <span class='ocrx_word' id='word_1_139' title='bbox 980 1710 1127 1770; x_wconf 77' lang='lat' dir='ltr'><strong>bene</strong></span> <span class='ocrx_word' id='word_1_140' title='bbox 1151 1708 1525 1766; x_wconf 86' lang='lat' dir='ltr'><strong>monentibus</strong></span> <span class='ocrx_word' id='word_1_141' title='bbox 1548 1710 1751 1768; x_wconf 86' lang='lat' dir='ltr'><strong>amicis</strong></span> <span class='ocrx_word' id='word_1_142' title='bbox 1775 1708 2035 1801; x_wconf 72' lang='lat' dir='ltr'><strong>obsequi.</strong></span> 
     </span>
    </p>

    <p class='ocr_par' dir='ltr' id='par_1_9' title="bbox 401 1786 1962 1878">
     <span class='ocr_line' id='line_1_19' title="bbox 401 1786 1962 1878; baseline 0.001 -31"><span class='ocrx_word' id='word_1_143' title='bbox 401 1788 658 1847; x_wconf 74' lang='lat' dir='ltr'><strong>AGAM.</strong></span> <span class='ocrx_word' id='word_1_144' title='bbox 698 1788 965 1865; x_wconf 83' lang='lat' dir='ltr'><strong>Regibus</strong></span> <span class='ocrx_word' id='word_1_145' title='bbox 988 1804 1191 1864; x_wconf 81' lang='lat' dir='ltr'><strong>parere</strong></span> <span class='ocrx_word' id='word_1_146' title='bbox 1216 1795 1452 1878; x_wconf 81' lang='lat' dir='ltr'><strong>oportet</strong></span> <span class='ocrx_word' id='word_1_147' title='bbox 1476 1786 1726 1862; x_wconf 86' lang='lat' dir='ltr'><strong>probum</strong></span> <span class='ocrx_word' id='word_1_148' title='bbox 1754 1788 1962 1848; x_wconf 81' lang='lat' dir='ltr'><strong>virum·</strong></span> 
     </span>
    </p>

    <p class='ocr_par' dir='ltr' id='par_1_10' title="bbox 403 1863 2046 1931">
     <span class='ocr_line' id='line_1_20' title="bbox 403 1863 2046 1931; baseline -0.001 -6"><span class='ocrx_word' id='word_1_149' title='bbox 403 1865 642 1926; x_wconf 88' lang='lat' dir='ltr'><strong>ULYS.</strong></span> <span class='ocrx_word' id='word_1_150' title='bbox 679 1865 935 1924; x_wconf 85' lang='lat' dir='ltr'><strong>Desine.</strong></span> <span class='ocrx_word' id='word_1_151' title='bbox 975 1866 1158 1923; x_wconf 78' lang='lat' dir='ltr'><strong>vietus</strong></span> <span class='ocrx_word' id='word_1_152' title='bbox 1181 1863 1260 1924; x_wconf 82' lang='lat' dir='ltr'><strong>ab.</strong></span> <span class='ocrx_word' id='word_1_153' title='bbox 1279 1865 1500 1931; x_wconf 85' lang='lat' dir='ltr'><strong>amicis,</strong></span> <span class='ocrx_word' id='word_1_154' title='bbox 1530 1864 1716 1922; x_wconf 83' lang='lat' dir='ltr'><strong>vietor</strong></span> <span class='ocrx_word' id='word_1_155' title='bbox 1738 1882 1800 1924; x_wconf 80' lang='lat' dir='ltr'><strong>es</strong></span> <span class='ocrx_word' id='word_1_156' title='bbox 1827 1876 2046 1925; x_wconf 86' lang='lat' dir='ltr'><strong>tamen.</strong></span> 
     </span>
    </p>

    <p class='ocr_par' dir='ltr' id='par_1_11' title="bbox 406 1942 2365 2022">
     <span class='ocr_line' id='line_1_21' title="bbox 406 1942 2365 2022; baseline 0.001 -19"><span class='ocrx_word' id='word_1_157' title='bbox 406 1943 660 2006; x_wconf 75' lang='lat' dir='ltr'><strong>AGAM.</strong></span> <span class='ocrx_word' id='word_1_158' title='bbox 699 1942 1047 2004; x_wconf 78' lang='lat' dir='ltr'><strong>Memento</strong></span> <span class='ocrx_word' id='word_1_159' title='bbox 1030 1959 1096 2000; x_wconf 86' lang='lat' dir='ltr'><strong>m</strong></span> <span class='ocrx_word' id='word_1_160' title='bbox 1118 1960 1294 2019; x_wconf 86' lang='lat' dir='ltr'><strong>quem</strong></span> <span class='ocrx_word' id='word_1_161' title='bbox 1318 1943 1510 2000; x_wconf 83' lang='lat' dir='ltr'><strong>virum</strong></span> <span class='ocrx_word' id='word_1_162' title='bbox 1536 1942 1691 2000; x_wconf 84' lang='lat' dir='ltr'><strong>hanc</strong></span> <span class='ocrx_word' id='word_1_163' title='bbox 1712 1942 1943 2004; x_wconf 77' lang='lat' dir='ltr'><strong>confers</strong></span> <span class='ocrx_word' id='word_1_164' title='bbox 1963 1944 2240 2022; x_wconf 75' lang='lat' dir='ltr'><strong>gratiam</strong></span> <span class='ocrx_word' id='word_1_165' title='bbox 2360 1983 2365 1992; x_wconf 84' lang='lat'><strong>·</strong></span> 
     </span>
    </p>

    <p class='ocr_par' dir='ltr' id='par_1_12' title="bbox 301 2017 2621 2163">
     <span class='ocr_line' id='line_1_22' title="bbox 404 2017 2621 2113; baseline 0.004 -31"><span class='ocrx_word' id='word_1_166' title='bbox 404 2022 642 2090; x_wconf 79' lang='lat' dir='ltr'><strong>ULYS.</strong></span> <span class='ocrx_word' id='word_1_167' title='bbox 680 2022 964 2084; x_wconf 62' lang='lat' dir='ltr'><strong>Inimicus</strong></span> <span class='ocrx_word' id='word_1_168' title='bbox 985 2021 1081 2078; x_wconf 81' lang='lat' dir='ltr'><strong>hic</strong></span> <span class='ocrx_word' id='word_1_169' title='bbox 1106 2019 1380 2097; x_wconf 85' lang='lat' dir='ltr'><strong>quidem.</strong></span> <span class='ocrx_word' id='word_1_170' title='bbox 1424 2028 1486 2076; x_wconf 85' lang='lat' dir='ltr'><strong>at</strong></span> <span class='ocrx_word' id='word_1_171' title='bbox 1512 2018 1658 2078; x_wconf 77' lang='lat' dir='ltr'><strong>olim</strong></span> <span class='ocrx_word' id='word_1_172' title='bbox 1679 2017 1993 2113; x_wconf 62' lang='lat' dir='ltr'><strong>Jwaes&#39;tabat</strong></span> <span class='ocrx_word' id='word_1_173' title='bbox 2016 2022 2621 2094; x_wconf 65' lang='lat' dir='ltr'><strong>virtute-1³⁵6</strong></span> 
     </span>
     <span class='ocr_line' id='line_1_23' title="bbox 301 2098 2423 2164; baseline 0 -5"><span class='ocrx_word' id='word_1_174' title='bbox 301 2119 306 2124; x_wconf 92' lang='grc'><em>·</em></span> <span class='ocrx_word' id='word_1_175' title='bbox 409 2099 666 2159; x_wconf 80' lang='lat' dir='ltr'><strong>AGAM.</strong></span> <span class='ocrx_word' id='word_1_176' title='bbox 691 2099 852 2163; x_wconf 83' lang='lat' dir='ltr'><strong>Quid</strong></span> <span class='ocrx_word' id='word_1_177' title='bbox 869 2100 974 2160; x_wconf 86' lang='lat' dir='ltr'><strong>fiet</strong></span> <span class='ocrx_word' id='word_1_178' title='bbox 998 2098 1128 2164; x_wconf 88' lang='lat' dir='ltr'><strong>tibi,</strong></span> <span class='ocrx_word' id='word_1_179' title='bbox 1156 2098 1260 2155; x_wconf 87' lang='lat' dir='ltr'><strong>ubi</strong></span> <span class='ocrx_word' id='word_1_180' title='bbox 1282 2103 1589 2155; x_wconf 82' lang='lat' dir='ltr'><strong>mortuum</strong></span> <span class='ocrx_word' id='word_1_181' title='bbox 1612 2098 1917 2155; x_wconf 82' lang='lat' dir='ltr'><strong>immicum</strong></span> <span class='ocrx_word' id='word_1_182' title='bbox 1940 2098 2088 2156; x_wconf 73' lang='lat' dir='ltr'><strong>adeo</strong></span> <span class='ocrx_word' id='word_1_183' title='bbox 2110 2100 2423 2159; x_wconf 68' lang='lat' dir='ltr'><strong>revereris}</strong></span> 
     </span>
    </p>

    <p class='ocr_par' dir='ltr' id='par_1_13' title="bbox 234 2167 2797 3976">
     <span class='ocr_line' id='line_1_24' title="bbox 408 2167 2206 2253; baseline -0.002 -15"><span class='ocrx_word' id='word_1_184' title='bbox 408 2175 645 2238; x_wconf 86' lang='lat' dir='ltr'><strong>ULYS.</strong></span> <span class='ocrx_word' id='word_1_185' title='bbox 682 2177 884 2236; x_wconf 77' lang='lat' dir='ltr'><strong>Virtus</strong></span> <span class='ocrx_word' id='word_1_186' title='bbox 907 2193 1120 2252; x_wconf 83' lang='lat' dir='ltr'>nempe</span> <span class='ocrx_word' id='word_1_187' title='bbox 1145 2175 1304 2251; x_wconf 85' lang='lat' dir='ltr'><strong>apud</strong></span> <span class='ocrx_word' id='word_1_188' title='bbox 1327 2193 1425 2232; x_wconf 88' lang='lat' dir='ltr'><strong>me</strong></span> <span class='ocrx_word' id='word_1_189' title='bbox 1449 2167 1582 2250; x_wconf 78' lang='lat' dir='ltr'><strong>plns</strong></span> <span class='ocrx_word' id='word_1_190' title='bbox 1607 2192 1785 2253; x_wconf 85' lang='lat' dir='ltr'><strong>quam</strong></span> <span class='ocrx_word' id='word_1_191' title='bbox 1810 2174 2013 2234; x_wconf 83' lang='lat' dir='ltr'><strong>odium</strong></span> <span class='ocrx_word' id='word_1_192' title='bbox 2038 2177 2206 2235; x_wconf 84' lang='lat' dir='ltr'><strong>valet.</strong></span> 
     </span>
     <span class='ocr_line' id='line_1_25' title="bbox 410 2249 2428 2333; baseline -0.001 -18"><span class='ocrx_word' id='word_1_193' title='bbox 410 2253 669 2315; x_wconf 77' lang='lat' dir='ltr'><strong>AGAM.</strong></span> <span class='ocrx_word' id='word_1_194' title='bbox 710 2255 842 2313; x_wconf 78' lang='lat' dir='ltr'><strong>Hac</strong></span> <span class='ocrx_word' id='word_1_195' title='bbox 867 2255 968 2333; x_wconf 84' lang='lat' dir='ltr'><strong>qui</strong></span> <span class='ocrx_word' id='word_1_196' title='bbox 991 2262 1133 2313; x_wconf 86' lang='lat' dir='ltr'><strong>sunt</strong></span> <span class='ocrx_word' id='word_1_197' title='bbox 1159 2261 1376 2319; x_wconf 84' lang='lat' dir='ltr'><strong>mente,</strong></span> <span class='ocrx_word' id='word_1_198' title='bbox 1402 2249 1675 2310; x_wconf 80' lang='lat' dir='ltr'><strong>vecordes</strong></span> <span class='ocrx_word' id='word_1_199' title='bbox 1697 2251 1892 2322; x_wconf 88' lang='lat' dir='ltr'><strong>solent</strong></span> <span class='ocrx_word' id='word_1_200' title='bbox 1914 2254 2210 2332; x_wconf 82' lang='lat' dir='ltr'><strong>perhiberi</strong></span> <span class='ocrx_word' id='word_1_201' title='bbox 2232 2254 2428 2333; x_wconf 73' lang='lat' dir='ltr'><strong>vulgo.</strong></span> 
     </span>
     <span class='ocr_line' id='line_1_26' title="bbox 410 2331 2432 2413; baseline -0.001 -20"><span class='ocrx_word' id='word_1_202' title='bbox 410 2333 648 2393; x_wconf 84' lang='lat' dir='ltr'><strong>ULYS.</strong></span> <span class='ocrx_word' id='word_1_203' title='bbox 687 2334 868 2412; x_wconf 87' lang='lat' dir='ltr'><strong>Atqui</strong></span> <span class='ocrx_word' id='word_1_204' title='bbox 894 2332 1070 2399; x_wconf 85' lang='lat' dir='ltr'><strong>multi</strong></span> <span class='ocrx_word' id='word_1_205' title='bbox 1091 2340 1233 2398; x_wconf 80' lang='lat' dir='ltr'><strong>sunt</strong></span> <span class='ocrx_word' id='word_1_206' title='bbox 1258 2347 1418 2391; x_wconf 83' lang='lat' dir='ltr'><strong>nune</strong></span> <span class='ocrx_word' id='word_1_207' title='bbox 1441 2331 1636 2399; x_wconf 82' lang='lat' dir='ltr'><strong>amici,</strong></span> <span class='ocrx_word' id='word_1_208' title='bbox 1655 2332 1759 2413; x_wconf 81' lang='lat' dir='ltr'><strong>qul</strong></span> <span class='ocrx_word' id='word_1_209' title='bbox 1780 2332 2092 2407; x_wconf 81' lang='lat' dir='ltr'><strong>postmodo</strong></span> <span class='ocrx_word' id='word_1_210' title='bbox 2115 2332 2253 2391; x_wconf 81' lang='lat' dir='ltr'><strong>odia</strong></span> <span class='ocrx_word' id='word_1_211' title='bbox 2273 2335 2432 2391; x_wconf 87' lang='lat' dir='ltr'><strong>inter</strong></span> 
     </span>
     <span class='ocr_line' id='line_1_27' title="bbox 291 2412 2565 2476; baseline -0.004 0"><span class='ocrx_word' id='word_1_212' title='bbox 291 2431 397 2476; x_wconf 59' lang='lat' dir='ltr'><strong>ae</strong></span> <span class='ocrx_word' id='word_1_213' title='bbox 415 2412 2565 2472; x_wconf 63' lang='lat' dir='ltr'><strong>exercebunt·</strong></span> 
     </span>
     <span class='ocr_line' id='line_1_28' title="bbox 411 2490 2627 2567; baseline -0 -18"><span class='ocrx_word' id='word_1_214' title='bbox 411 2492 666 2550; x_wconf 81' lang='lat' dir='ltr'><strong>AGAM.</strong></span> <span class='ocrx_word' id='word_1_215' title='bbox 703 2490 971 2553; x_wconf 87' lang='lat' dir='ltr'><strong>Talesne,</strong></span> <span class='ocrx_word' id='word_1_216' title='bbox 1000 2508 1218 2566; x_wconf 64' lang='lat' dir='ltr'><strong>quasso,</strong></span> <span class='ocrx_word' id='word_1_217' title='bbox 1244 2490 1501 2566; x_wconf 76' lang='lat' dir='ltr'><strong>postules</strong></span> <span class='ocrx_word' id='word_1_218' title='bbox 1526 2490 1742 2549; x_wconf 81' lang='lat' dir='ltr'><strong>amicos</strong></span> <span class='ocrx_word' id='word_1_219' title='bbox 1764 2492 2009 2567; x_wconf 78' lang='lat' dir='ltr'><strong>parare?</strong></span> <span class='ocrx_word' id='word_1_220' title='bbox 2465 2495 2627 2555; x_wconf 65' lang='lat' dir='ltr'><strong>13oe</strong></span> 
     </span>
     <span class='ocr_line' id='line_1_29' title="bbox 413 2567 2277 2646; baseline 0.001 -19"><span class='ocrx_word' id='word_1_221' title='bbox 413 2569 645 2628; x_wconf 83' lang='lat' dir='ltr'><strong>ULYS.</strong></span> <span class='ocrx_word' id='word_1_222' title='bbox 686 2568 979 2646; x_wconf 67' lang='lat' dir='ltr'><strong>Equidem</strong></span> <span class='ocrx_word' id='word_1_223' title='bbox 1001 2569 1375 2643; x_wconf 79' lang='lat' dir='ltr'><strong>praefractum</strong></span> <span class='ocrx_word' id='word_1_224' title='bbox 1401 2567 1666 2626; x_wconf 83' lang='lat' dir='ltr'><strong>animum</strong></span> <span class='ocrx_word' id='word_1_225' title='bbox 1689 2568 1929 2628; x_wconf 84' lang='lat' dir='ltr'><strong>laudare</strong></span> <span class='ocrx_word' id='word_1_226' title='bbox 1955 2587 2078 2627; x_wconf 89' lang='grc' dir='ltr'><strong>ιιοιι</strong></span> <span class='ocrx_word' id='word_1_227' title='bbox 2099 2567 2277 2628; x_wconf 77' lang='lat' dir='ltr'><strong>soleo·</strong></span> 
     </span>
     <span class='ocr_line' id='line_1_30' title="bbox 415 2644 2142 2733; baseline -0.001 -26"><span class='ocrx_word' id='word_1_228' title='bbox 415 2644 672 2708; x_wconf 77' lang='lat' dir='ltr'><strong>AGAM.</strong></span> <span class='ocrx_word' id='word_1_229' title='bbox 710 2647 805 2704; x_wconf 91' lang='lat' dir='ltr'><strong>Tu</strong></span> <span class='ocrx_word' id='word_1_230' title='bbox 830 2647 1067 2723; x_wconf 86' lang='lat' dir='ltr'><strong>quidem</strong></span> <span class='ocrx_word' id='word_1_231' title='bbox 1092 2646 1284 2718; x_wconf 52' lang='lat' dir='ltr'><strong>fames,</strong></span> <span class='ocrx_word' id='word_1_232' title='bbox 1311 2656 1380 2702; x_wconf 82' lang='lat' dir='ltr'><strong>ut</strong></span> <span class='ocrx_word' id='word_1_233' title='bbox 1405 2647 1602 2733; x_wconf 75' lang='lat' dir='ltr'><strong>ignavi</strong></span> <span class='ocrx_word' id='word_1_234' title='bbox 1625 2646 1801 2703; x_wconf 86' lang='lat' dir='ltr'><strong>hodie</strong></span> <span class='ocrx_word' id='word_1_235' title='bbox 1827 2644 2142 2706; x_wconf 81' lang='lat' dir='ltr'><strong>videamur.</strong></span> 
     </span>
     <span class='ocr_line' id='line_1_31' title="bbox 416 2719 2067 2878; baseline -0.001 -92"><span class='ocrx_word' id='word_1_236' title='bbox 416 2725 658 2787; x_wconf 83' lang='lat' dir='ltr'><strong>ULYS.</strong></span> <span class='ocrx_word' id='word_1_237' title='bbox 697 2725 892 2782; x_wconf 85' lang='lat' dir='ltr'><strong>Immo</strong></span> <span class='ocrx_word' id='word_1_238' title='bbox 918 2733 988 2783; x_wconf 86' lang='lat' dir='ltr'><strong>ut</strong></span> <span class='ocrx_word' id='word_1_239' title='bbox 1012 2724 1247 2782; x_wconf 87' lang='lat' dir='ltr'><strong>Achivis</strong></span> <span class='ocrx_word' id='word_1_240' title='bbox 1272 2724 1545 2781; x_wconf 86' lang='lat' dir='ltr'><strong>omnibus</strong></span> <span class='ocrx_word' id='word_1_241' title='bbox 1561 2719 1830 2878; x_wconf 74' lang='lat' dir='ltr'><strong>justiPeli</strong></span> <span class='ocrx_word' id='word_1_242' title='bbox 1735 2724 2067 2784; x_wconf 75' lang='lat' dir='ltr'><strong>videamini.</strong></span> 
     </span>
     <span class='ocr_line' id='line_1_32' title="bbox 418 2801 2137 2878; baseline -0.001 -16"><span class='ocrx_word' id='word_1_243' title='bbox 418 2803 678 2862; x_wconf 81' lang='lat' dir='ltr'><strong>AGAM.</strong></span> <span class='ocrx_word' id='word_1_244' title='bbox 717 2803 935 2861; x_wconf 85' lang='lat' dir='ltr'><strong>Suades</strong></span> <span class='ocrx_word' id='word_1_245' title='bbox 960 2820 994 2859; x_wconf 88' lang='lat' dir='ltr'><strong>e</strong></span> <span class='ocrx_word' id='word_1_246' title='bbox 1151 2811 1222 2863; x_wconf 87' lang='lat' dir='ltr'><strong>ut</strong></span> <span class='ocrx_word' id='word_1_247' title='bbox 1245 2802 1360 2858; x_wconf 85' lang='lat' dir='ltr'><strong>hoc</strong></span> <span class='ocrx_word' id='word_1_248' title='bbox 1383 2801 1628 2859; x_wconf 84' lang='lat' dir='ltr'><strong>cadaver</strong></span> <span class='ocrx_word' id='word_1_249' title='bbox 1647 2802 1830 2878; x_wconf 81' lang='lat' dir='ltr'><strong>sepeli</strong></span> <span class='ocrx_word' id='word_1_250' title='bbox 1831 2804 1884 2860; x_wconf 90' lang='lat' dir='ltr'><strong>ri</strong></span> <span class='ocrx_word' id='word_1_251' title='bbox 1905 2821 2095 2861; x_wconf 77' lang='lat' dir='ltr'><strong>sinam</strong></span> <span class='ocrx_word' id='word_1_252' title='bbox 2114 2804 2137 2862; x_wconf 67' lang='grc' dir='ltr'><strong>ι</strong></span> 
     </span>
     <span class='ocr_line' id='line_1_33' title="bbox 418 2819 2628 2958; baseline 0 -18"><span class='ocrx_word' id='word_1_253' title='bbox 418 2881 655 2940; x_wconf 83' lang='lat' dir='ltr'><strong>ULYS.</strong></span> <span class='ocrx_word' id='word_1_254' title='bbox 696 2880 1002 2958; x_wconf 85' lang='lat' dir='ltr'><strong>Equidem.</strong></span> <span class='ocrx_word' id='word_1_255' title='bbox 994 2819 1199 2938; x_wconf 34' lang='grc' dir='ltr'><strong>ι’ξξιιιιιι</strong></span> <span class='ocrx_word' id='word_1_256' title='bbox 1219 2887 1277 2936; x_wconf 92' lang='lat' dir='ltr'><strong>et</strong></span> <span class='ocrx_word' id='word_1_257' title='bbox 1302 2879 1425 2954; x_wconf 83' lang='lat' dir='ltr'><strong>ipse</strong></span> <span class='ocrx_word' id='word_1_258' title='bbox 1450 2879 1599 2936; x_wconf 89' lang='lat' dir='ltr'><strong>mihi</strong></span> <span class='ocrx_word' id='word_1_259' title='bbox 1621 2880 1764 2937; x_wconf 88' lang='lat' dir='ltr'><strong>olim</strong></span> <span class='ocrx_word' id='word_1_260' title='bbox 1795 2876 1950 2945; x_wconf 80' lang='lat' dir='ltr'><strong>usta</strong></span> <span class='ocrx_word' id='word_1_261' title='bbox 1969 2880 2217 2958; x_wconf 81' lang='lat' dir='ltr'><strong>persolvi</strong></span> <span class='ocrx_word' id='word_1_262' title='bbox 2241 2882 2431 2958; x_wconf 80' lang='lat' dir='ltr'><strong>cupio.</strong></span> <span class='ocrx_word' id='word_1_263' title='bbox 2470 2891 2628 2953; x_wconf 71' lang='lat'><strong>1865</strong></span> 
     </span>
     <span class='ocr_line' id='line_1_34' title="bbox 420 2899 1933 3051; baseline -0.002 -33"><span class='ocrx_word' id='word_1_264' title='bbox 420 2958 679 3019; x_wconf 72' lang='lat' dir='ltr'><strong>AGAM.</strong></span> <span class='ocrx_word' id='word_1_265' title='bbox 722 2959 807 3018; x_wconf 90' lang='lat' dir='ltr'><strong>Ut</strong></span> <span class='ocrx_word' id='word_1_266' title='bbox 831 2959 1076 3051; x_wconf 78' lang='lat' dir='ltr'><strong>quisque</strong></span> <span class='ocrx_word' id='word_1_267' title='bbox 1098 2958 1209 3014; x_wconf 86' lang='lat' dir='ltr'><strong>sibi</strong></span> <span class='ocrx_word' id='word_1_268' title='bbox 1235 2974 1361 3034; x_wconf 84' lang='lat' dir='ltr'><strong>quae</strong></span> <span class='ocrx_word' id='word_1_269' title='bbox 1386 2964 1726 3033; x_wconf 83' lang='lat' dir='ltr'><strong>congruunt</strong></span> <span class='ocrx_word' id='word_1_270' title='bbox 1706 2899 1933 3016; x_wconf 57' lang='grc' dir='ltr'><strong>ωῗέοιιι</strong></span> 
     </span>
     <span class='ocr_line' id='line_1_35' title="bbox 422 3034 2321 3111; baseline 0 -14"><span class='ocrx_word' id='word_1_271' title='bbox 422 3037 658 3097; x_wconf 83' lang='lat' dir='ltr'><strong>ULYS.</strong></span> <span class='ocrx_word' id='word_1_272' title='bbox 696 3038 810 3094; x_wconf 89' lang='lat' dir='ltr'><strong>Cui</strong></span> <span class='ocrx_word' id='word_1_273' title='bbox 834 3037 996 3093; x_wconf 85' lang='lat' dir='ltr'><strong>enim</strong></span> <span class='ocrx_word' id='word_1_274' title='bbox 1019 3053 1115 3093; x_wconf 83' lang='lat' dir='ltr'><strong>me</strong></span> <span class='ocrx_word' id='word_1_275' title='bbox 1139 3035 1328 3110; x_wconf 78' lang='lat' dir='ltr'><strong>magis</strong></span> <span class='ocrx_word' id='word_1_276' title='bbox 1350 3034 1646 3101; x_wconf 84' lang='lat' dir='ltr'><strong>convenit,</strong></span> <span class='ocrx_word' id='word_1_277' title='bbox 1672 3052 1850 3111; x_wconf 83' lang='lat' dir='ltr'><strong>quam</strong></span> <span class='ocrx_word' id='word_1_278' title='bbox 1875 3035 2025 3094; x_wconf 88' lang='lat' dir='ltr'><strong>mihi</strong></span> <span class='ocrx_word' id='word_1_279' title='bbox 2046 3035 2321 3097; x_wconf 76' lang='lat' dir='ltr'><strong>studere?</strong></span> 
     </span>
     <span class='ocr_line' id='line_1_36' title="bbox 419 3112 2241 3188; baseline 0.001 -14"><span class='ocrx_word' id='word_1_280' title='bbox 419 3115 680 3180; x_wconf 73' lang='lat' dir='ltr'><strong>AGAM.</strong></span> <span class='ocrx_word' id='word_1_281' title='bbox 716 3115 914 3172; x_wconf 87' lang='lat' dir='ltr'><strong>Tuum</strong></span> <span class='ocrx_word' id='word_1_282' title='bbox 942 3113 1126 3188; x_wconf 82' lang='lat' dir='ltr'><strong>igitur</strong></span> <span class='ocrx_word' id='word_1_283' title='bbox 1148 3113 1262 3170; x_wconf 88' lang='lat' dir='ltr'><strong>hoc</strong></span> <span class='ocrx_word' id='word_1_284' title='bbox 1285 3112 1526 3175; x_wconf 79' lang='lat' dir='ltr'><strong>factum,</strong></span> <span class='ocrx_word' id='word_1_285' title='bbox 1554 3129 1677 3170; x_wconf 88' lang='lat' dir='ltr'><strong>non</strong></span> <span class='ocrx_word' id='word_1_286' title='bbox 1701 3131 1902 3172; x_wconf 86' lang='lat' dir='ltr'><strong>meum</strong></span> <span class='ocrx_word' id='word_1_287' title='bbox 1925 3114 2241 3179; x_wconf 73' lang='lat' dir='ltr'><strong>vocabitur.</strong></span> 
     </span>
     <span class='ocr_line' id='line_1_37' title="bbox 425 3189 1949 3268; baseline -0.003 -15"><span class='ocrx_word' id='word_1_288' title='bbox 425 3193 662 3253; x_wconf 84' lang='lat' dir='ltr'><strong>ULYS·</strong></span> <span class='ocrx_word' id='word_1_289' title='bbox 706 3192 793 3250; x_wconf 83' lang='lat' dir='ltr'><strong>Ut</strong></span> <span class='ocrx_word' id='word_1_290' title='bbox 816 3192 1040 3257; x_wconf 81' lang='lat' dir='ltr'><strong>feceris,</strong></span> <span class='ocrx_word' id='word_1_291' title='bbox 1065 3192 1151 3248; x_wconf 81' lang='lat' dir='ltr'><strong>ita</strong></span> <span class='ocrx_word' id='word_1_292' title='bbox 1176 3190 1362 3248; x_wconf 87' lang='lat' dir='ltr'><strong>bonus</strong></span> <span class='ocrx_word' id='word_1_293' title='bbox 1386 3189 1690 3248; x_wconf 86' lang='lat' dir='ltr'><strong>habeberis</strong></span> <span class='ocrx_word' id='word_1_294' title='bbox 1713 3191 1949 3268; x_wconf 84' lang='lat' dir='ltr'><strong>ubique.</strong></span> 
     </span>
     <span class='ocr_line' id='line_1_38' title="bbox 425 3266 2634 3363; baseline -0.001 -32"><span class='ocrx_word' id='word_1_295' title='bbox 425 3269 679 3332; x_wconf 82' lang='lat' dir='ltr'><strong>AGAM.</strong></span> <span class='ocrx_word' id='word_1_296' title='bbox 718 3271 797 3328; x_wconf 87' lang='lat' dir='ltr'><strong>At</strong></span> <span class='ocrx_word' id='word_1_297' title='bbox 837 3280 1037 3327; x_wconf 88' lang='lat' dir='ltr'><strong>tamen</strong></span> <span class='ocrx_word' id='word_1_298' title='bbox 1074 3270 1186 3329; x_wconf 87' lang='lat' dir='ltr'><strong>hoc</strong></span> <span class='ocrx_word' id='word_1_299' title='bbox 1223 3277 1387 3326; x_wconf 87' lang='lat' dir='ltr'><strong>certo</strong></span> <span class='ocrx_word' id='word_1_300' title='bbox 1424 3269 1589 3335; x_wconf 76' lang='lat' dir='ltr'><strong>scias,</strong></span> <span class='ocrx_word' id='word_1_301' title='bbox 1614 3287 1710 3327; x_wconf 87' lang='lat' dir='ltr'><strong>me</strong></span> <span class='ocrx_word' id='word_1_302' title='bbox 1735 3270 1826 3326; x_wconf 88' lang='lat' dir='ltr'><strong>vel</strong></span> <span class='ocrx_word' id='word_1_303' title='bbox 1864 3266 2086 3363; x_wconf 74' lang='lat' dir='ltr'><strong>majore</strong></span> <span class='ocrx_word' id='word_1_304' title='bbox 2125 3270 2189 3331; x_wconf 86' lang='lat' dir='ltr'><strong>in</strong></span> <span class='ocrx_word' id='word_1_305' title='bbox 2226 3289 2292 3329; x_wconf 85' lang='lat' dir='ltr'><strong>re</strong></span> <span class='ocrx_word' id='word_1_306' title='bbox 2330 3272 2440 3341; x_wconf 84' lang='lat' dir='ltr'><strong>tibi</strong></span> <span class='ocrx_word' id='word_1_307' title='bbox 2476 3282 2634 3344; x_wconf 78' lang='grc'><strong>1870</strong></span> 
     </span>
     <span class='ocr_line' id='line_1_39' title="bbox 457 3346 2797 3440; baseline 0 -32"><span class='ocrx_word' id='word_1_308' title='bbox 457 3350 668 3408; x_wconf 85' lang='lat' dir='ltr'><strong>tificari</strong></span> <span class='ocrx_word' id='word_1_309' title='bbox 686 3348 849 3405; x_wconf 85' lang='lat' dir='ltr'><strong>velle.</strong></span> <span class='ocrx_word' id='word_1_310' title='bbox 886 3346 1008 3404; x_wconf 88' lang='lat' dir='ltr'><strong>Hic</strong></span> <span class='ocrx_word' id='word_1_311' title='bbox 1036 3364 1171 3403; x_wconf 71' lang='lat' dir='ltr'><strong>vero</strong></span> <span class='ocrx_word' id='word_1_312' title='bbox 1195 3355 1465 3404; x_wconf 86' lang='lat' dir='ltr'><strong>mortuus</strong></span> <span class='ocrx_word' id='word_1_313' title='bbox 1488 3355 1551 3402; x_wconf 88' lang='lat' dir='ltr'><strong>et</strong></span> <span class='ocrx_word' id='word_1_314' title='bbox 1576 3348 1736 3404; x_wconf 80' lang='lat' dir='ltr'><strong>vivus</strong></span> <span class='ocrx_word' id='word_1_315' title='bbox 1760 3346 1983 3422; x_wconf 82' lang='lat' dir='ltr'><strong>pariter</strong></span> <span class='ocrx_word' id='word_1_316' title='bbox 2004 3348 2150 3406; x_wconf 88' lang='lat' dir='ltr'><strong>mihi</strong></span> <span class='ocrx_word' id='word_1_317' title='bbox 2173 3350 2440 3408; x_wconf 88' lang='lat' dir='ltr'><strong>omnium</strong></span> <span class='ocrx_word' id='word_1_318' title='bbox 2775 3378 2797 3440; x_wconf 31' lang='grc' dir='ltr'><strong><em>ἡ</em></strong></span> 
     </span>
     <span class='ocr_line' id='line_1_40' title="bbox 341 3424 2399 3503; baseline -0.002 -15"><span class='ocrx_word' id='word_1_319' title='bbox 341 3432 467 3489; x_wconf 76' lang='lat' dir='ltr'><strong>erit</strong></span> <span class='ocrx_word' id='word_1_320' title='bbox 490 3430 745 3487; x_wconf 81' lang='lat' dir='ltr'><strong>maxime</strong></span> <span class='ocrx_word' id='word_1_321' title='bbox 769 3426 1000 3483; x_wconf 79' lang='lat' dir='ltr'><strong>invisus.</strong></span> <span class='ocrx_word' id='word_1_322' title='bbox 1044 3425 1227 3482; x_wconf 88' lang='lat' dir='ltr'><strong>Porro</strong></span> <span class='ocrx_word' id='word_1_323' title='bbox 1253 3424 1361 3481; x_wconf 90' lang='lat' dir='ltr'><strong>tibi</strong></span> <span class='ocrx_word' id='word_1_324' title='bbox 1384 3425 1575 3481; x_wconf 69' lang='lat' dir='ltr'><strong>fiacere</strong></span> <span class='ocrx_word' id='word_1_325' title='bbox 1599 3425 1735 3482; x_wconf 84' lang='lat' dir='ltr'><strong>licet</strong></span> <span class='ocrx_word' id='word_1_326' title='bbox 1759 3426 1918 3501; x_wconf 83' lang='lat' dir='ltr'><strong>quod</strong></span> <span class='ocrx_word' id='word_1_327' title='bbox 1939 3425 2097 3483; x_wconf 80' lang='lat' dir='ltr'><strong>facto</strong></span> <span class='ocrx_word' id='word_1_328' title='bbox 2120 3434 2209 3484; x_wconf 88' lang='lat' dir='ltr'><strong>est</strong></span> <span class='ocrx_word' id='word_1_329' title='bbox 2235 3445 2399 3503; x_wconf 87' lang='lat' dir='ltr'><strong>opus.</strong></span> 
     </span>
     <span class='ocr_line' id='line_1_41' title="bbox 431 3503 2634 3582; baseline 0.001 -17"><span class='ocrx_word' id='word_1_330' title='bbox 431 3506 569 3565; x_wconf 90' lang='lat' dir='ltr'><strong>CH.</strong></span> <span class='ocrx_word' id='word_1_331' title='bbox 610 3507 673 3563; x_wconf 90' lang='lat' dir='ltr'><strong>Si</strong></span> <span class='ocrx_word' id='word_1_332' title='bbox 698 3506 827 3582; x_wconf 79' lang='lat' dir='ltr'><strong>quis</strong></span> <span class='ocrx_word' id='word_1_333' title='bbox 852 3514 933 3571; x_wconf 87' lang='lat' dir='ltr'><strong>te,</strong></span> <span class='ocrx_word' id='word_1_334' title='bbox 961 3503 1184 3578; x_wconf 63' lang='lat' dir='ltr'><strong>myssa,</strong></span> <span class='ocrx_word' id='word_1_335' title='bbox 1210 3503 1319 3560; x_wconf 83' lang='lat' dir='ltr'><strong>hac</strong></span> <span class='ocrx_word' id='word_1_336' title='bbox 1353 3513 1554 3560; x_wconf 87' lang='lat' dir='ltr'><strong>mente</strong></span> <span class='ocrx_word' id='word_1_337' title='bbox 1578 3503 1911 3578; x_wconf 67' lang='lat' dir='ltr'><strong>praeditum,</strong></span> <span class='ocrx_word' id='word_1_338' title='bbox 1937 3503 2095 3562; x_wconf 86' lang='lat' dir='ltr'><strong>haud</strong></span> <span class='ocrx_word' id='word_1_339' title='bbox 2116 3505 2442 3582; x_wconf 80' lang='lat' dir='ltr'><strong>sapientem</strong></span> <span class='ocrx_word' id='word_1_340' title='bbox 2479 3507 2634 3575; x_wconf 75' lang='lat'>1³75</span> 
     </span>
     <span class='ocr_line' id='line_1_42' title="bbox 349 3580 1751 3664; baseline -0.008 -19"><span class='ocrx_word' id='word_1_341' title='bbox 349 3585 653 3664; x_wconf 65' lang='lat' dir='ltr'><strong>praedicat,</strong></span> <span class='ocrx_word' id='word_1_342' title='bbox 679 3601 772 3641; x_wconf 80' lang='lat' dir='ltr'><strong>nae</strong></span> <span class='ocrx_word' id='word_1_343' title='bbox 796 3581 896 3638; x_wconf 89' lang='lat' dir='ltr'><strong>ille</strong></span> <span class='ocrx_word' id='word_1_344' title='bbox 919 3581 1133 3639; x_wconf 85' lang='lat' dir='ltr'><strong>stultus</strong></span> <span class='ocrx_word' id='word_1_345' title='bbox 1157 3590 1245 3638; x_wconf 84' lang='lat' dir='ltr'><strong>est</strong></span> <span class='ocrx_word' id='word_1_346' title='bbox 1270 3580 1466 3637; x_wconf 86' lang='lat' dir='ltr'><strong>homo.</strong></span> <span class='ocrx_word' id='word_1_347' title='bbox 1738 3620 1751 3628; x_wconf 68' lang='grc'><strong>.</strong></span> 
     </span>
     <span class='ocr_line' id='line_1_43' title="bbox 437 3656 2446 3733; baseline -0 -10"><span class='ocrx_word' id='word_1_348' title='bbox 437 3662 667 3723; x_wconf 87' lang='lat' dir='ltr'><strong>ULYS.</strong></span> <span class='ocrx_word' id='word_1_349' title='bbox 708 3664 798 3718; x_wconf 87' lang='lat' dir='ltr'><strong>At</strong></span> <span class='ocrx_word' id='word_1_350' title='bbox 832 3677 970 3717; x_wconf 88' lang='lat' dir='ltr'><strong>vero</strong></span> <span class='ocrx_word' id='word_1_351' title='bbox 1008 3675 1167 3716; x_wconf 87' lang='lat' dir='ltr'><strong>nune</strong></span> <span class='ocrx_word' id='word_1_352' title='bbox 1203 3657 1437 3718; x_wconf 83' lang='lat' dir='ltr'><strong>Teucro</strong></span> <span class='ocrx_word' id='word_1_353' title='bbox 1474 3656 1535 3715; x_wconf 89' lang='lat' dir='ltr'><strong>id</strong></span> <span class='ocrx_word' id='word_1_354' title='bbox 1575 3658 1639 3714; x_wconf 87' lang='grc' dir='ltr'><strong>ιιι</strong></span> <span class='ocrx_word' id='word_1_355' title='bbox 1674 3666 1974 3733; x_wconf 85' lang='lat' dir='ltr'><strong>posterum</strong></span> <span class='ocrx_word' id='word_1_356' title='bbox 2013 3658 2320 3729; x_wconf 83' lang='lat' dir='ltr'><strong>denuntio,</strong></span> <span class='ocrx_word' id='word_1_357' title='bbox 2344 3680 2446 3722; x_wconf 72' lang='lat' dir='ltr'><strong>m</strong></span> 
     </span>
     <span class='ocr_line' id='line_1_44' title="bbox 347 3734 2449 3819; baseline 0 -20"><span class='ocrx_word' id='word_1_358' title='bbox 347 3759 532 3819; x_wconf 79' lang='lat' dir='ltr'><strong>quam</strong></span> <span class='ocrx_word' id='word_1_359' title='bbox 554 3748 730 3798; x_wconf 85' lang='lat' dir='ltr'><strong>antea</strong></span> <span class='ocrx_word' id='word_1_360' title='bbox 749 3739 1025 3801; x_wconf 84' lang='lat' dir='ltr'><strong>inimicus</strong></span> <span class='ocrx_word' id='word_1_361' title='bbox 1046 3736 1280 3802; x_wconf 84' lang='lat' dir='ltr'><strong>fuerim,</strong></span> <span class='ocrx_word' id='word_1_362' title='bbox 1306 3744 1430 3793; x_wconf 88' lang='lat' dir='ltr'><strong>tam</strong></span> <span class='ocrx_word' id='word_1_363' title='bbox 1453 3734 1659 3793; x_wconf 82' lang='lat' dir='ltr'><strong>denuo</strong></span> <span class='ocrx_word' id='word_1_364' title='bbox 1674 3736 1930 3796; x_wconf 82' lang='lat' dir='ltr'><strong>amicum</strong></span> <span class='ocrx_word' id='word_1_365' title='bbox 1956 3754 2109 3797; x_wconf 86' lang='lat' dir='ltr'><strong>esse.</strong></span> <span class='ocrx_word' id='word_1_366' title='bbox 2136 3747 2200 3797; x_wconf 89' lang='lat' dir='ltr'><strong>et</strong></span> <span class='ocrx_word' id='word_1_367' title='bbox 2225 3741 2449 3799; x_wconf 85' lang='lat' dir='ltr'><strong>mortui</strong></span> 
     </span>
     <span class='ocr_line' id='line_1_45' title="bbox 353 3815 2448 3916; baseline -0.001 -37"><span class='ocrx_word' id='word_1_368' title='bbox 353 3816 536 3892; x_wconf 74' lang='lat' dir='ltr'><strong>hujus</strong></span> <span class='ocrx_word' id='word_1_369' title='bbox 574 3820 750 3877; x_wconf 86' lang='lat' dir='ltr'><strong>funus</strong></span> <span class='ocrx_word' id='word_1_370' title='bbox 787 3834 912 3874; x_wconf 84' lang='lat' dir='ltr'><strong>una</strong></span> <span class='ocrx_word' id='word_1_371' title='bbox 948 3831 1153 3872; x_wconf 84' lang='lat' dir='ltr'><strong>curare</strong></span> <span class='ocrx_word' id='word_1_372' title='bbox 1177 3815 1329 3879; x_wconf 87' lang='lat' dir='ltr'><strong>volo,</strong></span> <span class='ocrx_word' id='word_1_373' title='bbox 1357 3829 1712 3916; x_wconf 87' lang='lat' dir='ltr'><strong>omnemque</strong></span> <span class='ocrx_word' id='word_1_374' title='bbox 1750 3815 2016 3873; x_wconf 82' lang='lat' dir='ltr'><strong>conferre</strong></span> <span class='ocrx_word' id='word_1_375' title='bbox 2048 3833 2311 3891; x_wconf 83' lang='lat' dir='ltr'><strong>operam,</strong></span> <span class='ocrx_word' id='word_1_376' title='bbox 2339 3835 2448 3876; x_wconf 84' lang='lat' dir='ltr'><strong>nee</strong></span> 
     </span>
     <span class='ocr_line' id='line_1_46' title="bbox 234 3882 2644 3976; baseline 0.002 -25"><span class='ocrx_word' id='word_1_377' title='bbox 234 3926 246 3951; x_wconf 70' lang='grc' dir='ltr'><strong>ι</strong></span> <span class='ocrx_word' id='word_1_378' title='bbox 355 3897 676 3976; x_wconf 73' lang='lat' dir='ltr'><strong>quidquam</strong></span> <span class='ocrx_word' id='word_1_379' title='bbox 696 3897 990 3960; x_wconf 82' lang='lat' dir='ltr'><strong>omittere,</strong></span> <span class='ocrx_word' id='word_1_380' title='bbox 1007 3892 1163 3969; x_wconf 89' lang='lat' dir='ltr'><strong>quod</strong></span> <span class='ocrx_word' id='word_1_381' title='bbox 1180 3893 1508 3949; x_wconf 79' lang='lat' dir='ltr'><strong>fortissimis</strong></span> <span class='ocrx_word' id='word_1_382' title='bbox 1523 3892 1657 3949; x_wconf 86' lang='lat' dir='ltr'><strong>viris</strong></span> <span class='ocrx_word' id='word_1_383' title='bbox 1655 3882 1879 3955; x_wconf 77' lang='lat' dir='ltr'><strong>&#39;omnes</strong></span> <span class='ocrx_word' id='word_1_384' title='bbox 1898 3904 2170 3968; x_wconf 52' lang='lat' dir='ltr'><strong>praetere</strong></span> <span class='ocrx_word' id='word_1_385' title='bbox 2186 3895 2444 3959; x_wconf 81' lang='lat' dir='ltr'><strong>addecet.</strong></span> <span class='ocrx_word' id='word_1_386' title='bbox 2484 3899 2644 3955; x_wconf 76' lang='lat'><strong>1380</strong></span> 
     </span>
    </p>

    <p class='ocr_par' dir='ltr' id='par_1_14' title="bbox 353 3969 2640 4285">
     <span class='ocr_line' id='line_1_47' title="bbox 435 3969 2448 4052; baseline -0.001 -19"><span class='ocrx_word' id='word_1_387' title='bbox 435 3974 672 4033; x_wconf 86' lang='lat' dir='ltr'><strong>TEUC.</strong></span> <span class='ocrx_word' id='word_1_388' title='bbox 715 3972 963 4052; x_wconf 87' lang='lat' dir='ltr'><strong>Optime</strong></span> <span class='ocrx_word' id='word_1_389' title='bbox 1000 3971 1223 4047; x_wconf 85' lang='lat' dir='ltr'><strong>Ulysse,</strong></span> <span class='ocrx_word' id='word_1_390' title='bbox 1250 3970 1523 4027; x_wconf 88' lang='lat' dir='ltr'><strong>omnibus</strong></span> <span class='ocrx_word' id='word_1_391' title='bbox 1554 3977 1613 4034; x_wconf 76' lang='lat' dir='ltr'><strong>te</strong></span> <span class='ocrx_word' id='word_1_392' title='bbox 1640 3969 1826 4026; x_wconf 86' lang='lat' dir='ltr'><strong>modis</strong></span> <span class='ocrx_word' id='word_1_393' title='bbox 1851 3969 2090 4028; x_wconf 86' lang='lat' dir='ltr'><strong>laudare</strong></span> <span class='ocrx_word' id='word_1_394' title='bbox 2115 3974 2352 4047; x_wconf 78' lang='lat' dir='ltr'><strong>possim,</strong></span> <span class='ocrx_word' id='word_1_395' title='bbox 2378 3982 2448 4032; x_wconf 87' lang='lat' dir='ltr'><strong>ut</strong></span> 
     </span>
     <span class='ocr_line' id='line_1_48' title="bbox 357 4047 2447 4130; baseline -0.001 -20"><span class='ocrx_word' id='word_1_396' title='bbox 357 4054 465 4130; x_wconf 84' lang='lat' dir='ltr'><strong>qui</strong></span> <span class='ocrx_word' id='word_1_397' title='bbox 488 4054 664 4129; x_wconf 86' lang='lat' dir='ltr'><strong>longe</strong></span> <span class='ocrx_word' id='word_1_398' title='bbox 688 4070 883 4110; x_wconf 84' lang='lat' dir='ltr'><strong>meam</strong></span> <span class='ocrx_word' id='word_1_399' title='bbox 909 4047 1180 4107; x_wconf 85' lang='lat' dir='ltr'><strong>fefelleris</strong></span> <span class='ocrx_word' id='word_1_400' title='bbox 1203 4049 1563 4117; x_wconf 83' lang='lat' dir='ltr'><strong>opinionem.</strong></span> <span class='ocrx_word' id='word_1_401' title='bbox 1626 4048 1744 4111; x_wconf 83' lang='lat' dir='ltr'><strong>Qui</strong></span> <span class='ocrx_word' id='word_1_402' title='bbox 1773 4051 1934 4106; x_wconf 86' lang='lat' dir='ltr'><strong>enim</strong></span> <span class='ocrx_word' id='word_1_403' title='bbox 1958 4050 2096 4108; x_wconf 86' lang='lat' dir='ltr'><strong>huic</strong></span> <span class='ocrx_word' id='word_1_404' title='bbox 2120 4069 2247 4109; x_wconf 86' lang='lat' dir='ltr'><strong>eras</strong></span> <span class='ocrx_word' id='word_1_405' title='bbox 2269 4051 2447 4110; x_wconf 85' lang='lat' dir='ltr'><strong>Achi-</strong></span> 
     </span>
     <span class='ocr_line' id='line_1_49' title="bbox 360 4126 2640 4202; baseline 0.001 -17"><span class='ocrx_word' id='word_1_406' title='bbox 360 4148 571 4189; x_wconf 83' lang='lat' dir='ltr'><strong>vorum</strong></span> <span class='ocrx_word' id='word_1_407' title='bbox 606 4128 1056 4194; x_wconf 87' lang='lat' dir='ltr'><strong>inimicissimus,</strong></span> <span class='ocrx_word' id='word_1_408' title='bbox 1084 4136 1151 4184; x_wconf 86' lang='lat' dir='ltr'><strong>tu</strong></span> <span class='ocrx_word' id='word_1_409' title='bbox 1187 4127 1346 4185; x_wconf 85' lang='lat' dir='ltr'><strong>solus</strong></span> <span class='ocrx_word' id='word_1_410' title='bbox 1385 4129 1440 4183; x_wconf 90' lang='lat' dir='ltr'><strong>ei</strong></span> <span class='ocrx_word' id='word_1_411' title='bbox 1479 4142 1651 4202; x_wconf 89' lang='lat' dir='ltr'><strong>opem</strong></span> <span class='ocrx_word' id='word_1_412' title='bbox 1686 4126 1891 4189; x_wconf 83' lang='lat' dir='ltr'><strong>tulisti,</strong></span> <span class='ocrx_word' id='word_1_413' title='bbox 1917 4145 2025 4185; x_wconf 85' lang='lat' dir='ltr'><strong>nee</strong></span> <span class='ocrx_word' id='word_1_414' title='bbox 2050 4138 2286 4187; x_wconf 87' lang='lat' dir='ltr'><strong>mortuo</strong></span> <span class='ocrx_word' id='word_1_415' title='bbox 2310 4130 2449 4187; x_wconf 83' lang='lat' dir='ltr'><strong>huie</strong></span> <span class='ocrx_word' id='word_1_416' title='bbox 2484 4131 2640 4190; x_wconf 77' lang='lat'><strong>188⁵</strong></span> 
     </span>
     <span class='ocr_line' id='line_1_50' title="bbox 353 4203 2450 4285; baseline 0 -19"><span class='ocrx_word' id='word_1_417' title='bbox 353 4210 521 4268; x_wconf 76' lang='lat' dir='ltr'><strong>vivus</strong></span> <span class='ocrx_word' id='word_1_418' title='bbox 545 4209 789 4267; x_wconf 83' lang='lat' dir='ltr'><strong>illudere</strong></span> <span class='ocrx_word' id='word_1_419' title='bbox 812 4206 1158 4271; x_wconf 82' lang='lat' dir='ltr'><strong>sustinuisti,</strong></span> <span class='ocrx_word' id='word_1_420' title='bbox 1184 4213 1252 4261; x_wconf 88' lang='grc' dir='ltr'><strong>ιιι</strong></span> <span class='ocrx_word' id='word_1_421' title='bbox 1276 4205 1595 4280; x_wconf 88' lang='lat' dir='ltr'><strong>imperator</strong></span> <span class='ocrx_word' id='word_1_422' title='bbox 1617 4203 1719 4260; x_wconf 88' lang='lat' dir='ltr'><strong>ille</strong></span> <span class='ocrx_word' id='word_1_423' title='bbox 1756 4205 2103 4280; x_wconf 80' lang='lat' dir='ltr'><strong>lymphatus,</strong></span> <span class='ocrx_word' id='word_1_424' title='bbox 2128 4209 2364 4285; x_wconf 85' lang='lat' dir='ltr'><strong>ipseque</strong></span> <span class='ocrx_word' id='word_1_425' title='bbox 2385 4214 2450 4266; x_wconf 83' lang='lat' dir='ltr'><strong>et</strong></span> 
     </span>
    </p>
   </div>
   <div class='ocr_carea' id='block_1_3' title="bbox 360 4274 2453 4365">
    <p class='ocr_par' dir='ltr' id='par_1_15' title="bbox 360 4274 2453 4365">
     <span class='ocr_line' id='line_1_51' title="bbox 360 4274 2453 4365; baseline 0 -18"><span class='ocrx_word' id='word_1_426' title='bbox 360 4303 512 4351; x_wconf 72' lang='lat' dir='ltr'><strong>sutis·</strong></span> <span class='ocrx_word' id='word_1_427' title='bbox 538 4287 722 4351; x_wconf 70' lang='lat' dir='ltr'><strong>frater</strong></span> <span class='ocrx_word' id='word_1_428' title='bbox 758 4274 900 4349; x_wconf 70' lang='lat' dir='ltr'><strong>euni</strong></span> <span class='ocrx_word' id='word_1_429' title='bbox 936 4284 1247 4354; x_wconf 68' lang='lat' dir='ltr'><strong>voluerunt</strong></span> <span class='ocrx_word' id='word_1_430' title='bbox 1285 4284 1451 4347; x_wconf 81' lang='lat' dir='ltr'><strong>omui</strong></span> <span class='ocrx_word' id='word_1_431' title='bbox 1487 4281 1764 4345; x_wconf 77' lang='lat' dir='ltr'><strong>affectum</strong></span> <span class='ocrx_word' id='word_1_432' title='bbox 1799 4284 2160 4356; x_wconf 66' lang='lat' dir='ltr'><strong>contumelia</strong></span> <span class='ocrx_word' id='word_1_433' title='bbox 2192 4285 2453 4365; x_wconf 81' lang='lat' dir='ltr'><strong>insepul-</strong></span> 
     </span>
    </p>
   </div>
   <div class='ocr_carea' id='block_1_4' title="bbox 2726 2940 2759 2958">
    <p class='ocr_par' dir='ltr' id='par_1_16' title="bbox 2726 2940 2759 2958">
     <span class='ocr_line' id='line_1_52' title="bbox 2726 2940 2759 2958; baseline 0 -10"><span class='ocrx_word' id='word_1_434' title='bbox 2726 2940 2759 2958; x_wconf 33' lang='grc' dir='ltr'><strong>,κ</strong></span> 
     </span>
    </p>
   </div>
  </div>
 </body>
</html>
