3017 4900
921 242 1533 316 TRACHINIAEJ
2146 253 2271 320 iss

272 416 423 482 mu
460 418 618 483 Quid
644 436 867 489 narras,
893 419 932 479 o
956 422 1086 481 fili?
1126 424 1401 485 Quonam
1427 439 1504 479 ex
1526 420 1769 480 homine
1805 422 2088 480 rescivisti
2109 421 2277 482 dete-

200 501 456 560 standum
479 500 627 559 adeo
650 498 874 559 facinus
899 518 936 559 a
958 520 1055 560 me
1078 510 1377 577 patratum
1401 500 1617 559 fuisse?

273 577 507 638 HYLL.
546 579 794 656 lpsuhis
819 579 1002 639 oculis
1035 582 1158 639 vidi
1192 598 1436 659 gravem
1465 579 1649 656 patris
1682 579 2074 639 calamitatem
2089 603 2108 651 3
2153 595 2276 638 non

205 656 338 716 alius
360 676 431 716 ex
456 676 560 716 ore
584 658 800 717 audivi.

211 762 231 788 κ
269 735 422 795 DEI.
465 737 582 796 Ubi
606 752 768 804 vero,
793 736 908 805 dic,
934 738 1257 796 convenisti
1281 739 1493 805 virum,
1519 754 1832 817 coramque
1857 736 2135 809 adfuisti?
2308 747 2432 811 ¹750

207 855 210 860 ·
275 814 515 875 HYLL.
556 816 620 873 Si
639 816 876 893 quidem
900 823 962 873 te
980 818 1126 874 scire
1147 825 1400 893 oportet,
1421 834 1550 874 rem
1572 816 1680 874 tibi
1698 833 1939 874 omnem
1957 816 2277 893 explicabo.

202 892 384 955 Quum
407 894 875 971 proficisceretur
899 895 1174 971 inclytam
1200 896 1411 972 Euryti
1436 896 1746 972 populatus
1765 895 1997 961 urbem,
2021 898 2279 954 victorioe

201 989 361 1049 agens
384 981 626 1050 tropaea,
651 973 898 1053 Diisque
932 973 1255 1033 offerendas
1280 975 1584 1051 primitias,
1611 983 1700 1033 est
1723 975 1789 1032 in
1810 973 2056 1036 Euboeae
2078 975 2280 1034 littore

197 1052 443 1111 fluctibus
460 1053 740 1132 utrinque
761 1053 1056 1129 pulsatum
1076 1054 1569 1129 promontorium,
1597 1055 1877 1112 Cenaeum
1893 1054 2156 1121 nomine,
2172 1054 2278 1112 ubi
2307 1061 2429 1126 ¹755

199 1126 437 1190 'tutelari
460 1132 597 1190 Jovi
621 1149 749 1190 aras
765 1133 993 1199 statuit,
1016 1131 1504 1210 frondentemque
1523 1132 1749 1191 dedicat
1769 1132 2005 1202 lucum;
2033 1132 2151 1192 illic
2175 1131 2278 1190 de-

199 1208 491 1270 sideratum
510 1228 652 1269 eum
664 1212 848 1288 longo
864 1221 993 1287 post
1007 1219 1276 1287 tempore
1287 1214 1546 1288 primum
1564 1211 1697 1269 vidi.
1740 1209 1890 1270 Ecce
1904 1219 2104 1269 autem
2121 1210 2277 1270 mul-

199 1294 371 1347 tarum
388 1290 760 1349 victimarum
779 1292 1065 1367 sanguine
1091 1308 1218 1349 aras
1236 1308 1507 1366 sparsuro
1525 1290 1759 1347 advenit
1785 1291 1870 1347 illi
1887 1290 2066 1348 domo
2085 1290 2276 1348 famu-

199 1366 280 1426 lus
299 1366 507 1427 Lichas
530 1386 746 1446 praeco,
766 1377 938 1427 tuum
963 1368 1208 1427 afferens
1227 1369 1470 1436 donum,
1487 1369 1771 1427 lethalem
1792 1370 2074 1446 tunicam,
2096 1387 2276 1444 quam
2305 1377 2441 1441 we,

201 1445 288 1503 ubi
309 1447 515 1513 induit,
535 1455 605 1505 ut
632 1449 698 1506 in
721 1448 1009 1508 mandatis
1032 1448 1293 1513 dederas,
1317 1456 1537 1506 mactat
1556 1447 1794 1524 quidem
1816 1455 2012 1506 tauros
2031 1448 2276 1506 eximios

195 1522 480 1585 duodecim
508 1528 812 1602 praestanti
835 1544 1100 1603 corpore,
1127 1528 1411 1603 primitias
1437 1527 1683 1602 praedae3
1712 1526 1816 1584 sed
1833 1534 2073 1592 cunctas
2094 1526 2278 1586 simul

202 1604 436 1663 victimas
461 1607 851 1683 omnigenum
877 1607 1170 1681 pecudum
1208 1608 1323 1664 aris
1356 1606 1612 1664 admovit
1640 1613 1897 1668 centum.
1977 1604 2058 1664 Et
2085 1595 2276 1680 primo
2305 1613 2429 1678 7¹65

204 1682 415 1760 quidem
438 1686 619 1743 miser
642 1686 816 1743 hilari
837 1686 1058 1753 animo,
1085 1693 1412 1764 ornatuque
1435 1685 1698 1762 gaudens
1716 1694 1776 1742 et
1800 1686 2039 1751 amictu,
2064 1684 2275 1744 funde-

202 1760 290 1819 bat
306 1780 500 1839 preces
519 1787 536 1819 ι
581 1764 686 1821 ubi
710 1781 848 1822 vero
871 1765 1127 1822 cruentis
1153 1784 1226 1823 ex
1251 1765 1456 1824 hostiis
1482 1764 1915 1841 pinguibusque
1938 1764 2114 1840 lignis
2139 1764 2276 1822 sub-

203 1838 303 1899 lata
321 1845 563 1902 emicuit
582 1843 837 1910 flamma,
857 1842 1037 1902 sudor
1060 1845 1328 1920 prorupit
1344 1862 1379 1901 e
1396 1853 1567 1914 cute3
1598 1853 1658 1900 et
1675 1843 1951 1901 lateribus
1970 1843 2276 1902 memhris-

204 1936 299 1996 que
313 1922 601 1989 omnibus,
623 1929 905 2000 tanquam
922 1924 972 1979 si
995 1942 1031 1981 a
1053 1922 1222 1981 fabro
1239 1924 1473 1999 glutine
1492 1922 1769 1981 adstricta
1791 1922 2014 1988 fuisset,
2032 1922 2274 1984 adbaesit
2305 1931 2435 1994 7¹70,

204 2000 408 2071 tunica3
437 2018 682 2077 ossaque
706 2003 1037 2078 penetravit
1060 2002 1249 2068 dolor,
1274 2001 1607 2059 convellens
1631 2009 1809 2059 artus.
1888 2000 2156 2062 Tandem
2174 2001 2276 2064 ubi

202 2086 486 2138 cruentum
510 2080 738 2137 infestae
757 2089 1004 2138 excetrae
1023 2082 1178 2140 virus
1192 2080 1520 2157 depascitur
1536 2080 1838 2145 medullas,
1853 2086 1983 2138 tum
1999 2079 2277 2142 inclamat

201 2154 467 2216 infelicem
509 2158 757 2225 Lichan,
796 2161 1057 2234 criminis
1100 2159 1258 2218 haud
1294 2160 1637 2235 participem
1664 2159 1773 2225 tui,
1801 2157 2121 2235 quaeritque
2148 2159 2275 2233 qui-
2305 2167 2451 2236 775·

202 2231 423 2295 busna'm
461 2237 618 2296 dolis
660 2238 813 2297 hanc
854 2239 1148 2296 attulisset
1181 2246 1432 2297 vestem:
1476 2247 1542 2295 at
1574 2238 1673 2296 ille
1698 2238 1911 2295 nullius
1935 2237 2141 2298 infelix
2152 2236 2277 2332 gibi

199 2315 436 2375 conscius
459 2316 706 2384 fraudis,
733 2325 907 2376 tuum
945 2319 1124 2376 solius
1162 2316 1385 2376 donum
1410 2335 1534 2374 esse
1558 2316 1727 2384 dixit,
1753 2324 1823 2374 ut
1854 2333 1892 2374 a
1933 2325 1994 2376 te
2031 2316 2277 2376 missum

200 2392 384 2454 fuerat.
460 2395 644 2459 Quod
668 2396 772 2455 ubi
796 2397 1036 2466 audivit,
1062 2399 1183 2455 acri
1206 2398 1495 2456 cruciatus
1521 2396 1734 2455 dolore·
1750 2395 1959 2455 intima
1969 2394 2277 2460 olacerante
2410 2437 2416 2444 ·

206 2475 415 2542 viscera,
454 2477 815 2552 prehensum
857 2476 1005 2552 pede
1048 2477 1297 2543 Lichan,
1340 2471 1454 2553 qua
1493 2477 1749 2536 flectitur
1771 2476 1955 2534 cruris
1973 2471 2276 2549 junctura,
2305 2482 2430 2545 ¹780
2502 2491 2516 2508 ·

201 2552 362 2613 allidit
385 2555 461 2613 ad
503 2556 936 2630 prominentem
964 2557 1026 2614 in
1059 2558 1207 2614 mari
1231 2556 1558 2632 scopulum,
1583 2556 1888 2632 fractoque
1911 2554 2102 2629 capite
2127 2553 2278 2619 mix-

201 2638 313 2690 tum
347 2635 634 2710 sanguine
667 2643 734 2692 et
753 2636 973 2710 capillis
996 2636 1301 2693 cerebrum
1333 2635 1635 2712 dispergit.
1717 2634 2034 2693 Universus
2078 2639 2281 2707 autem
2306 2614 2433 2704 Μ

201 2711 524 2772 exclamavit
547 2731 684 2771 cum
717 2715 858 2772 fietu
900 2715 1173 2790 populus,
1207 2722 1269 2773 et
1309 2713 1520 2775 morbo
1553 2713 1921 2773 laborantem
1944 2710 2156 2773 herum
2178 2710 2282 2768 de·-

203 2789 433 2868 plorans,
458 2800 524 2850 et
547 2800 741 2851 morte
766 2795 1087 2852 multatum
1111 2793 1431 2864 famulum3
1462 2810 1571 2849 nec
1598 2792 1903 2871 quisquam
1926 2790 2179 2853 audebat
2202 2789 2282 2853 ad

203 2867 370 2930 vimm
418 2870 713 2931 accedere.
792 2872 1068 2950 Namque
1117 2873 1426 2931 convulsus
1472 2872 1676 2929 dolore
1723 2870 1902 2931 modo
1942 2869 2282 2933 volvebatur

175 2958 189 2968 ⁴
205 2946 368 3018 humi,
395 2950 578 3009 modo
615 2950 820 3010 sursus
867 2952 1221 3029 erigebatur,
1260 2952 1535 3014 clamans,
1583 2947 1810 3022 ejulans
1828 2975 1843 3006 z
1887 2950 2109 3007 circum
2140 2963 2282 3007 vero

206 3029 594 3107 remugiebant
615 3031 859 3108 scopuli,
900 3030 1283 3089 Locrensium
1310 3026 1460 3105 juga
1496 3030 1754 3104 rupium,
1781 3037 1844 3086 et
1866 3028 2109 3093 Euboeae
2141 3043 2279 3103 pro-
2308 3033 2434 3107 790,

206 3111 498 3168 montoria.
536 3109 855 3199 Postquam
878 3127 1017 3167 vero
1039 3111 1215 3168 miser
1232 3125 1442 3184 corpus
1459 3108 1630 3166 humi
1653 3107 1861 3168 crebro
1879 3108 2101 3174 stravit,
2128 3106 2280 3167 mul·

207 3192 363 3264 toque
382 3188 642 3246 clamore
660 3188 914 3262 ejulatus
939 3189 1140 3256 edidit,
1168 3189 1333 3246 omni
1357 3188 1621 3246 convicio
1644 3196 1776 3246 tuas
1800 3188 2027 3245 miseras
2047 3186 2281 3261 nuptias
2412 3248 2425 3258 ζ

205 3261 524 3335 detestatus,
539 3266 836 3346 OEneique
855 3268 1222 3331 affinitatem,
1243 3267 1478 3345 qualem
1497 3273 1704 3325 nactus
1727 3273 1880 3324 esset
1897 3274 2121 3343 pestem
2143 3265 2280 3334 vitm
2307 3270 2431 3333 795

203 3358 328 3411 suae,
366 3345 470 3405 ubi
508 3346 730 3404 finctus
767 3348 985 3405 viribus
1032 3346 1265 3413 resedit,
1310 3354 1448 3403 tum·
1464 3346 1780 3404 distortum
1815 3345 2053 3405 oculum
2087 3343 2280 3405 morbi

211 3424 444 3483 mersum
465 3425 716 3502 caligine
737 3425 1031 3492 attollens,
1059 3425 1215 3483 videt
1240 3443 1337 3484 me
1364 3425 1540 3482 turba
1575 3426 1640 3482 in
1673 3425 1864 3485 multa
1887 3424 2151 3499 lacrymis
2175 3436 2281 3489 ora

205 3502 496 3581 rigantem,
512 3513 574 3561 et
592 3522 689 3561 me
707 3514 1086 3580 conspectum
1108 3514 1289 3561 vocat.
1335 3505 1381 3559 Ο
1405 3511 1557 3569 nate,
1573 3506 1788 3570 accede,
1806 3520 1875 3560 ne
1876 3502 2079 3578 fugias
2098 3517 2280 3557 meum

209 3582 415 3649 malum,
460 3601 531 3640 ne
574 3585 797 3658 quidem
830 3588 882 3641 si
921 3592 975 3641 te
1009 3602 1219 3641 mecum
1257 3590 1401 3640 mori
1441 3589 1697 3658 oporteat
1711 3598 1737 3642 .·“
1771 3584 1869 3641 sed
1890 3581 2170 3646 sublatum
2196 3595 2282 3635 me
2307 3584 2431 3642 800

187 3657 322 3732 ‚hinc
344 3661 518 3738 aufer,
547 3671 621 3730 et,
648 3666 698 3719 si
723 3671 897 3738 potest,
925 3664 1047 3720 illie
1072 3681 1158 3720 me
1184 3664 1408 3737 depone,
1435 3664 1529 3720 ubi
1552 3680 1637 3718 me
1674 3678 1832 3717 nemo
1856 3661 2041 3721 videat
2067 3664 2281 3715 morta·

211 3739 364 3805 lium.-
406 3748 467 3797 at
489 3745 541 3798 si
564 3748 624 3798 te
652 3745 874 3799 miseret
911 3746 1042 3808 mei,
1074 3742 1272 3799 saltem
1298 3758 1365 3798 ex
1391 3742 1496 3798 hac
1522 3740 1709 3797 insula
1736 3737 1978 3814 transfer
2003 3756 2089 3797 me
2114 3738 2281 3812 quam*

211 3814 487 3886 celerrime,
512 3813 619 3876 πέίι
645 3838 731 3878 me
765 3819 856 3878 hic
888 3824 1033 3878 mori
1064 3824 1199 3879 sine.
1277 3820 1479 3881 Quum
1523 3820 1650 3876 haec
1692 3817 1944 3878 dedisset
1983 3816 2280 3883 mandata,
2309 3821 2430 3879 805

208 3904 317 3954 rate
341 3899 404 3956 in
426 3899 620 3957 media
641 3900 985 3976 impositum
1018 3900 1189 3958 illum
1214 3898 1288 3956 ad
1322 3899 1474 3957 hanc
1491 3915 1658 3956 oram
1686 3900 1779 3956 vix
1799 3894 2153 3973 appulimus,
2180 3913 2280 3954 ru-

211 3977 451 4049 gientem
472 3978 708 4036 doloret
753 3987 816 4036 et
849 3981 1040 4055 ipsum
1084 3987 1370 4045 actutum,
1413 3978 1505 4034 vel
1544 3977 1740 4034 vivum
1779 3976 2166 4050 conspicietis,
2191 3971 2284 4031 vel

211 4055 370 4114 modo
405 4066 727 4117 mortuum.
803 4056 971 4116 Talia
991 4060 1057 4117 in
1081 4066 1312 4133 patrem
1345 4074 1549 4114 meum
1575 4054 2046 4131 deprehenderis,
2073 4061 2280 4118 mater,
2403 4118 2429 4126 -

209 4140 264 4189 et
284 4135 550 4195 meditata
571 4137 752 4195 fuisse
776 4146 838 4195 et
861 4145 1245 4214 perpetrasse,
1272 4151 1530 4214 quorum
1556 4153 1593 4192 a
1616 4142 1676 4192 te
1701 4133 1739 4189 J
1740 4135 1940 4192 ustitia
1964 4149 2166 4209 poenas
2189 4148 2281 4189 re-
2311 4133 2433 4196 810

210 4223 409 4286 poscat,
432 4209 830 4295 Erynnisque:
871 4217 1086 4295 sicque,
1111 4218 1162 4273 si
1180 4217 1267 4273 fas
1287 4224 1395 4282 est,
1415 4216 1738 4291 imprecor:
1768 4219 1831 4271 at
1854 4212 1941 4269 fas
1963 4218 2072 4279 est,
2100 4225 2282 4286 quan-

214 4288 496 4372 doquidem
520 4296 672 4357 mihi
695 4296 795 4356 *fas
834 4302 1010 4356 omne
1054 4303 1125 4355 tu
1162 4295 1324 4377 prius
1361 4289 1645 4368 abjecisti,
1674 4292 1944 4379 omnium
1968 4289 2280 4368 optimum,
