3017 4900
910 267 1299 339 OEmpos
1346 268 1576 341 nex.
1754 288 1761 300 ·
1938 345 1944 352 ,
2194 222 2318 345 ios

272 441 415 504 CH.-
455 440 606 503 Hm
628 442 871 538 quidem
892 445 1082 515 nobis,
1106 445 1146 504 ὁ
1170 464 1297 515 rex,
1323 448 1517 531 mstis
1533 452 1715 505 sunt·
1756 444 1859 506 sed
1877 445 2070 507 donec
2094 465 2221 510 rem
2241 455 2449 513 e1885
2552 483 2564 499 ·

196 529 492 601 ,praesente
516 526 882 600 cognoveriS,
911 542 986 582 ne
1011 517 1298 603 desperes.

282 603 588 661 OED.1d
611 604 906 680 reliqmun
945 620 1085 663 sane
1109 612 1201 662 est
1236 604 1428 671 adhuc
1452 605 1610 663 mibi
1637 606 1781 682 spei,
1809 580 2107 681 pastorem
2141 606 2317 666 illum

192 689 272 740 ,ιιι
295 689 640 758 exspectem
665 683 876 741 solum.
2411 701 2420 710 “

277 760 313 816 J
320 761 446 818 01.
492 760 614 822 Ubi
641 779 780 819 vero
801 761 1013 828 aderit,
1041 760 1146 856 qui
1171 762 1276 821 fies
1301 761 1733 820 confidentior?

274 839 471 897 OED.
516 839 653 897 Hoc
682 849 741 898 te
765 840 1028 898 docebo.
1065 843 1114 898 si
1131 843 1292 899 enim
1315 843 1714 918 comperietur
1731 840 1926 901 dicere
1952 840 2161 934 eadem
2184 859 2315 922 quae
2330 855 2455 910 840

202 923 292 985 tu,
320 926 467 975 tunc
486 936 602 995 ego
626 920 855 977 crimen
881 938 1058 978 omne
1076 919 1360 996 effugero.
2419 971 2426 978 .

276 998 447 1057 JOC.
488 998 654 1059 Quid
678 1015 818 1056 vero
842 1016 920 1057 ex
944 1017 1041 1056 me
1066 1000 1301 1067 audisti,
1328 1000 1394 1058 in
1420 1015 1540 1075 quo
1563 999 1850 1057 momenti
1875 999 1953 1058 sit
1976 1002 2260 1058 tantum?

42 1015 45 1220 ἱ
279 1067 475 1133 OED.
520 1076 701 1134 illum
730 1076 960 1136 dicebas
985 1079 1274 1145 retulisse,
1295 1078 1512 1136 Laium
1534 1096 1572 1135 a
1587 1077 1913 1136 latronibus
1939 1079 2197 1138 occisum
2221 1080 2316 1138 fu-

196 1156 332 1213 isse.
410 1147 591 1216 Q'uod
623 1156 670 1212 si
699 1173 859 1214 nunc
886 1175 1117 1234 quoque
1145 1157 1420 1215 eumdem
1448 1156 1604 1214 dicet
1630 1173 1965 1224 numerum,
1991 1156 2151 1215 haud
2174 1175 2317 1216 sane
2431 1163 2437 1178 ’

208 1253 343 1292 eum
368 1252 487 1310 ego
512 1235 737 1293 occidi=
783 1253 905 1293 non
930 1237 1090 1293 enim
1117 1236 1248 1294 fieri
1272 1243 1463 1313 potest
1489 1243 1560 1293 ut
1573 1252 1739 1298 unus
1778 1236 2021 1315 quilibet
2048 1254 2158 1311 pro
2182 1237 2312 1313 plu·
2330 1248 2447 1305 845

202 1314 365 1372 ribus
390 1314 698 1390 habeatur.
780 1314 895 1372 Sed
919 1315 971 1375 si
995 1316 1186 1373 virum
1219 1332 1412 1373 unum
1435 1314 1633 1372 solum
1656 1314 1833 1381 dicet,
1861 1322 2004 1374 tunc
2038 1316 2315 1375 manifes-
2464 1309 2473 1320 ’

213 1399 341 1450 ιιιιιι
366 1394 483 1449 erit
506 1392 734 1451 facinus
758 1391 904 1450 ill‘ud
930 1393 1011 1452 ad
1030 1413 1126 1452 me
1152 1411 1412 1471 vergere.

283 1472 451 1532 JOC.
492 1472 574 1529 At
597 1473 745 1529 scito
779 1490 906 1530 rem
942 1473 1018 1530 ab
1043 1474 1147 1531 illo
1178 1476 1261 1531 sic
1288 1474 1622 1532 nuntiatam
1660 1471 1856 1535 fuisse,
1885 1489 1992 1529 nec
2031 1473 2117 1531 fas
2143 1481 2232 1532 est
2256 1475 2315 1534 ei

211 1551 364 1629 quod
388 1551 572 1607 semel
595 1550 742 1608 dixit
767 1561 1013 1610 mutare.
1085 1553 1302 1610 Civitas
1327 1553 1485 1613 enini
1516 1558 1644 1609 tota
1665 1552 1793 1609 haec
1817 1551 2025 1617 audiit,
2053 1570 2175 1620 non
2195 1571 2313 1631 ego
2328 1562 2452 1619 850

209 1630 349 1688 sola.
390 1630 590 1688 Ροιιο
614 1648 651 1686 a
676 1631 873 1705 priore
898 1632 949 1688 si
972 1631 1118 1711 quid
1142 1632 1475 1689 deflecteret
1498 1647 1788 1693 sermone,
1813 1648 1935 1687 non
1959 1638 2162 1692 tamen
2179 1632 2315 1692 La'ii

211 1709 424 1766 caedem
451 1717 616 1770 certo
642 1720 711 1765 ut
733 1709 959 1776 debuit,
979 1719 1490 1787 congruenterque
1516 1709 1757 1788 oraculo
1780 1709 2091 1787 contigisse
2117 1720 2314 1769 osten-

213 1788 394 1854 deret,
414 1788 708 1866 siquidem
728 1807 865 1846 eum
885 1783 1102 1865 Apollo
1119 1789 1430 1866 declaravit
1447 1790 1617 1866 gnati
1639 1789 1757 1846 mei
1775 1806 1958 1846 manu
1980 1790 2314 1885 periturum

215 1868 472 1924 omnino·
541 1867 724 1943 Atqui
749 1886 890 1926 eum
915 1869 1170 1926 misellus
1196 1869 1298 1926 ille
1323 1870 1668 1946 neutiquam
1694 1867 1925 1935 occidit,
1950 1868 2092 1925 sed
2072 1886 2197 1944 ipse
2222 1870 2311 1927 in-
2315 1878 2445 1934 .855

206 1947 370 2004 .teriit
395 1946 573 2023 prior.
621 1947 929 2008 Quocirca
954 1948 1363 2007 vaticiniorum
1380 1949 1582 2025 gratia
1606 1965 1798 2024 neque
1824 1947 1939 2008 huc
1961 1963 2156 2024 neque
2180 1965 2311 2010 rur-

214 2042 321 2085 eus
333 2025 472 2082 illuc
499 2028 873 2101 respexerim.
2467 2093 2471 2098 p

292 2104 484 2162 OED.
525 2103 712 2163 Recte
740 2113 945 2181 putas.
989 2114 1254 2164 attamen
1277 2107 1448 2164 mitte
1473 2105 1751 2182 aliquem,
1778 2105 1879 2180 qui
1904 2120 2038 2176 rure
2063 2110 2312 2195 arcessat
2329 2116 2456 2171 860

42 2231 45 2306 l
212 2199 458 2320 opst->ag
449 2202 578 2319 urg}
578 2193 766 2322 152²?
776 2187 1111 2324 ἒοῖιῗῗΐξιέἀ
1135 2280 1336 2329 eamus
1359 2263 1559 2370 intro.
1596 2261 1745 2320 nihil
1765 2263 1924 2330 enim
1948 2261 2180 2332 faciam,
2201 2264 2315 2326 nisi

215 2342 367 2420 quod
393 2342 505 2399 tibi
529 2349 770 2418 gratum
794 2344 995 2401 fuerit.

293 2421 433 2485 CH
477 2421 726 2488 Utinam
767 2431 1050 2500 perpetua
1084 2413 1239 2483 mihi
1272 2422 1580 2500 contingat
1618 2421 1884 2489 felicitas,
1920 2391 2315 2494 venerandam
2403 2455 2407 2460 ι

214 2502 467 2559 servanti
489 2496 860 2572 sanctitatem
880 2504 1065 2561 verbis
1091 2511 1153 2560 et
1176 2503 1341 2560 factis
1364 2503 1658 2575 omnibus,
1678 2502 1752 2559 de
1772 2503 1980 2580 quibus
2001 2503 2313 2578 proposit&
2331 2510 2451 2564 865

199 2593 355 2639 ‘sunt
380 2581 544 2658 leges
584 2573 880 2650 sublimes,
907 2583 1169 2641 eoelesti'
1152 2600 1217 2639 m
1239 2581 1456 2641 aethere
1493 2583 1733 2658 genitae,
1761 2592 2011 2659 quarum
2034 2580 2317 2657 Olympus

215 2670 377 2736 pater
399 2668 493 2717 est
511 2661 689 2727 solus,
710 2680 900 2740 neque
919 2679 1017 2720 eas
1018 2663 1284 2720 mortale
1309 2678 1497 2738 genus
1526 2662 1835 2723 hominum
1855 2662 2103 2737 peperit,
2124 2677 2316 2737 neque

214 2756 349 2798 sane
371 2757 640 2817 unquam
666 2740 883 2801 oblivio
921 2740 1156 2800 delebit.
1235 2739 1537 2833 Magous’
1519 2757 1585 2797 ιιι
1609 2740 1700 2797 his
1733 2740 1888 2798 inest
1911 2739 2097 2807 Deus,
2124 2756 2316 2816 neque
2332 2748 2455 2808 870

214 2820 375 2884 senio
401 2822 724 2878 marcescit.
784 2818 1028 2897 Regalis
1052 2820 1234 2878 fastus
1258 2820 1552 2892 InJuriam
1576 2820 1769 2894 parit.
1813 2837 1938 2887 rex,
1964 2819 2078 2878 ubi
2091 2826 2315 2887 temere
2451 2850 2458 2857 ¹

216 2899 415 2959 multis
443 2916 508 2956 se
533 2901 855 2965 exsatiavit,
879 2918 1012 2977 quae
1028 2917 1144 2957 nec
1165 2909 1499 2975 opportuna
1524 2915 1633 2956 nec
1657 2898 1827 2956 utilia
1848 2905 2006 2961 sunt,
2027 2898 2194 2955 illum
2214 2896 2452 2964 111-875

212 2975 367 3050 juria
389 2996 631 3035 summo
656 2987 716 3035 et
741 2979 1032 3055 abrupto
1015 2998 1080 3037 ιιι
1100 2974 1342 3055 fastigio
1366 2978 1730 3052 impositum,
1747 2978 1810 3035 in
1836 2975 2083 3035 exitium
2106 2975 2362 3053 impel-

215 3058 303 3124 lit,
330 3058 493 3117 unde
517 3058 737 3116 frustra
772 3067 1025 3118 conatur
1062 3060 1364 3134 aufugere.
1440 3055 1631 3119 Quod
1654 3063 1854 3117 autem
1892 3056 2024 3113 urbi
2064 3055 2317 3112 salutare
2418 3082 2430 3115 ;

215 3136 486 3194 futurum
520 3146 608 3194 est
647 3139 977 3203 consilium,
1018 3139 1130 3196 hoc
1170 3155 1246 3194 ne
1284 3137 1522 3229 irritum
1562 3135 1691 3192 fieri
1729 3136 1903 3202 sinat,
1930 3135 2127 3192 Deum
2168 3142 2458 3197 0103880

216 3214 347 3274 Deo
371 3233 500 3275 non
523 3215 819 3281 desinam
814 3235 1073 3295 unquam
1099 3215 1343 3293 praeside
1368 3216 1497 3273 niti.
1578 3215 1641 3272 Si
1666 3216 1793 3292 quis
1801 3223 2011 3279 autem
2036 3213 2205 3277 factis
2230 3213 2318 3271 di-

219 3297 392 3353 ctisve
414 3295 742 3354 insolenter
765 3314 825 3354 se
850 3299 1030 3373 gerit,
1050 3296 1323 3353 ultricem
1347 3294 1649 3353 Justitiam
1676 3312 1799 3353 non
1824 3295 2061 3360 veritus,
2083 3311 2191 3350 nec
2209 3291 2320 3355 Di-
2334 3297 2452 3351 885

220 3375 356 3432 vum
399 3373 569 3432 sedes
607 3392 909 3442 venerans,
936 3375 1090 3434 male
1133 3375 1231 3433 ille
1280 3382 1502 3450 pereat,
1528 3374 1771 3452 luatque
1810 3390 2010 3451 poenas
2040 3373 2320 3438 infausta·
2437 3377 2464 3391 ”

219 3470 349 3513 ιιιιιι
388 3455 751 3521 delitiarum,
776 3455 827 3512 si
858 3450 1079 3527 justis
1073 3471 1197 3513 non
1234 3453 1490 3512 studebit
1529 3454 1727 3532 lucris,
1754 3472 1862 3511 nec
1886 3453 1962 3510 ab
1998 3453 2193 3528 impiis
2217 3451 2326 3508 ab·
2335 3456 2460 3525 890

219 3534 461 3591 stinebit
483 3534 671 3600 factis,
700 3543 804 3591 aut
831 3551 953 3590 non
992 3533 1303 3610 tangendis
1342 3551 1554 3596 manus
1579 3533 1795 3591 inferet
1835 3533 2094 3589 demens..
2174 3531 2321 3594 Quis
2409 3572 2436 3599 s

218 3613 372 3671 enim
399 3630 666 3707 unquam
691 3609 778 3670 vir
803 3614 933 3670 istis
943 3604 1182 3670 deditus
1207 3613 1282 3670 ab
1304 3614 1505 3675 animo
1531 3612 1797 3669 stimulos
1832 3610 2201 3669 conscientiae
2226 3627 2321 3667 ar·

221 3709 348 3752 cere
374 3692 642 3781 poterit?
727 3692 1004 3785 Namque
1026 3692 1080 3749 si
1104 3693 1271 3750 haec
1253 3694 1435 3768 impia
1472 3691 1627 3749 facta
1665 3692 1954 3757 honorem
1992 3689 2320 3756 inveniunt,
2337 3692 2456 3750 895

223 3772 356 3847 quid
389 3790 493 3830 me
524 3768 696 3844 juvat
721 3773 896 3829 sacris
921 3773 1222 3829 interesse
1240 3772 1503 3830 choris?
1556 3769 1701 3832 Non
1723 3770 1969 3844 amplius
2008 3768 2109 3825 ibo
2132 3766 2208 3837 ad
2231 3786 2324 3831 sa-

222 3867 381 3909 crum
409 3861 585 3909 terrae
609 3849 954 3909 umbilicum
994 3850 1309 3908 venerandi
1346 3849 1558 3926 gratia,
1586 3865 1694 3909 nec
1726 3849 1801 3907 ad
1826 3847 2137 3907 delubrum
2164 3846 2322 3924 quod

223 3935 304 3987 est
341 3931 515 3997 Abis,
545 3948 654 3988 nec
678 3929 1043 4006 Olym-piam,
1069 3930 1184 3987 nisi
1217 3930 1343 3986 haec
1389 3928 1624 3988 oracula
1662 3927 1935 3991 omnibus
1978 3927 2320 3987 mortalibus
2338 3929 2460 3982 900

222 4009 687 4084 probabuntur..
725 4009 840 4066 Se‘d
863 4007 903 4065 ὁ
920 4011 1028 4086 qui
1052 4010 1323 4084 imperas,
1340 4009 1391 4065 si
1412 4008 1526 4068 rite
1552 4008 1771 4074 vocaris
1811 4007 2082 4065 omnium
2107 4013 2321 4072 rector,

212 4087 475 4164 Jupiter,
495 4106 576 4146 ne
601 4090 745 4146 haec
755 4087 980 4147 lateant
1021 4095 1081 4145 te
1120 4096 1406 4165 tuumque
1434 4086 1769 4153 immortale
1792 4101 2021 4161 semper
2047 4100 2320 4161 regnum.
2336 4084 2460 4140 905

228 4166 343 4226 Res
364 4170 529 4226 enim
555 4186 629 4226 eo
640 4168 817 4233 redit,
842 4176 912 4225 ut
935 4176 1215 4244 spernant
1235 4166 1472 4231 oracula
1495 4167 1640 4224 olim
1664 4165 1815 4224 Laio
1841 4163 2086 4228 reddita,
2113 4181 2222 4255 nec
2240 4163 2324 4219 eis

220 4248 472 4324 amplius
498 4242 678 4313 fidem
705 4246 1053 4309 adhibeant:
1113 4247 1385 4359 nuspiam
1409 4246 1622 4327 Apollo
1653 4244 1919 4323 splendet
1957 4221 2317 4307 honoribus·
2299 4281 2319 4312 ,
2603 4279 2617 4286 ·

230 4342 459 4401 pessum
481 4337 634 4417 eunt
657 4327 871 4389 divina.
1108 4386 1115 4391 ,
2339 4321 2462 4386 219
2507 4324 2516 4333 “
