3017 4900
310 3260 412 3311 ,ἢν

668 283 801 346 244
992 371 998 380 ⁸
1489 272 1944 343 ELECTRA.

668 448 900 526 Apollo,
944 447 1313 531 intulerimus
1357 448 1652 517 libamina,
1693 456 1755 505 et
1792 455 1987 507 tonsas
2023 448 2234 506 vertice
2272 464 2469 505 comas
2514 442 2745 506 tumulo

670 529 1137 605 imposuerimus,
1162 528 1277 585 huc
1301 536 1675 592 revertemur,
1702 528 1971 586 manibus
1994 528 2246 586 ferentes
2275 544 2487 585 aeream
2510 542 2744 593 urnam,

563 611 643 671 55
673 624 849 685 quam
884 607 993 664 scis
1029 615 1090 664 et
1130 608 1253 682 ipse
1295 607 1360 664 in
1405 607 1670 682 virgultis
1710 606 1922 664 alicubi
1960 606 2126 664 nobis
2160 606 2441 672 abditam,
2455 611 2534 662 ut
2558 604 2746 662 fallaci

669 702 940 743 sermone
963 685 1216 760 deceptis
1227 685 1429 744 laetum
1448 685 1753 746 afferamus
1773 685 2070 751 nuntium,
2086 687 2312 759 periisse
2325 700 2512 744 ,meum
2533 699 2745 757 corpus,

672 771 973 821 crenmtum
997 761 1127 834 jam
1168 771 1223 821 et
1257 766 1316 821 in
1353 768 1550 822 cineris
1587 766 1887 820 redactum.
1961 763 2120 825 Quid
2150 763 2310 821 enim
2334 764 2447 820 hoc
2474 763 2622 819 mihi
2645 762 2749 819 do-

563 849 645 906 60
670 843 808 913 leat,
832 842 1065 920 quando
1087 841 1271 900 verbis
1289 852 1552 900 mortuus
1568 860 1631 900 re
1650 843 1773 918 ipsa
1791 843 1995 908 vivam,
2016 843 2376 920 gloriamque
2397 837 2746 916 reportab'o?

668 939 879 978 censeo
902 922 1061 977 enim
1086 920 1310 979 dictum
1333 921 1565 979 nullum
1602 937 1724 980 esse
1755 920 1907 978 male
1935 922 2282 987 ominatum,
2322 920 2480 997 quod
2516 921 2753 978 lucrum

669 989 890 1058 afferat.
966 999 1204 1075 Quippe
1239 996 1366 1071 jam
1402 1000 1611 1075 saep‘ius
1642 999 1760 1058 vidi
1783 1000 1960 1057 etiam
1983 1001 2288 1078 sapientes,
2313 1005 2577 1057 mortuos
2604 998 2755 1055 falso

561 1083 640 1143 65
670 1078 874 1146 dictos,
899 1079 1000 1155 qui
1036 1096 1220 1155 quum
1257 1078 1499 1136 domum
1525 1078 1767 1143 rediere,
1794 1078 1978 1155 magis
2016 1077 2287 1134 honorati
2312 1077 2572 1135 fuerunt.
2658 1077 2751 1136 lta

669 1168 732 1214 et
754 1175 851 1216 me
873 1156 1106 1214 confido
1129 1157 1212 1214 ex'
1227 1157 1334 1214 hac
1371 1156 1533 1214 fama
1552 1157 1858 1223 viventem,
1888 1163 1956 1213 ut
1978 1156 2156 1222 sidus,
2181 1156 2546 1214 obfulsurum
2590 1165 2753 1229 post-

669 1238 779 1295 hac
802 1236 1050 1293 inimicis
1074 1236 1239 1293 meis.
1315 1236 1396 1292 At
1418 1234 1457 1292 ὁ
1480 1237 1671 1311 patria
1700 1243 1875 1302 terra,
1909 1234 2129 1311 Diique
2157 1234 2462 1311 indigetes,
2501 1235 2754 1309 excipite

668 1332 765 1372 me
789 1316 981 1372 fausto
1005 1315 1200 1371 omine
1224 1312 1516 1381 reducem,
1544 1322 1725 1392 tuque
1760 1314 1798 1371 ὀ
1840 1321 2085 1389 paterna
2113 1312 2353 1371 domus:
2396 1313 2566 1370 venio
2592 1314 2755 1372 enim

559 1399 642 1463 70
670 1411 707 1451 a
730 1393 862 1450 Diis
884 1393 1186 1467 impulsus,
1211 1402 1278 1449 ut
1304 1393 1634 1467 repetendis
1661 1394 1941 1458 scelerum
1967 1393 2154 1468 poenis
2177 1399 2237 1448 te
2263 1392 2526 1465 expiem:
2557 1408 2754 1469 neque

668 1489 767 1529 me
802 1472 1224 1529 inhonoratum
1266 1470 1544 1529 dimittite
1581 1490 1654 1529 ex
1692 1473 1803 1534 hac
1842 1479 2029 1540 terra3
2070 1470 2170 1527 sed
2207 1470 2437 1536 efficite,
2463 1477 2531 1526 ut
2569 1471 2761 1529 avitas

669 1568 811 1625 opes
844 1549 1138 1627 possidens
1182 1558 1366 1608 stator
1407 1550 1545 1609 fiam
1588 1549 1812 1607 domus
1892 1549 1979 1612 Et,
2008 1550 2133 1607 hoec
2172 1548 2411 1626 quidem
2445 1548 2750 1628 hactenus.

672 1622 805 1686 Tibi
830 1645 966 1685 vero
984 1625 1130 1701 jam,
1156 1647 1353 1695 senex,
1379 1629 1635 1696 curaexsit
1660 1628 1825 1685 eunti
1848 1633 2018 1685 tuum
2042 1635 2112 1684 ut
2138 1627 2464 1704 exsequaris
2492 1644 2712 1685 munus
2732 1650 2748 1683 a

559 1712 638 1775 75
671 1724 777 1763 nos
821 1724 957 1764 vero
989 1707 1307 1764 exibImus‘:
1351 1709 1574 1765 occasio
1594 1703 1767 1765 'enim
1806 1705 1987 1774 adest,
2026 1724 2157 1785 quae
2195 1705 2499 1763 hominum
2544 1707 2760 1782 coeptis

670 1785 941 1846 omnibus
968 1786 1188 1859 optima
1212 1796 1298 1842 est
1323 1782 1599 1859 adjutrix.

746 1864 871 1921 ΕΒ.
913 1863 1031 1921 Hei
1058 1865 1201 1921 mihi
1225 1863 1482 1923 miserae!
1804 1913 1813 1922 .

743 1941 951 2019 PAED.
993 1942 1070 2000 Et
1094 1942 1328 2019 quidem
1344 1936 1503 2003 'visus
1535 1962 1666 2003 sum
1692 1943 2041 2002 famularum
2072 1941 2327 2023 aliquam
2360 1943 2753 2019 suspirantem

668 2021 822 2079 intra
844 2021 994 2079 aedes
1014 2021 1233 2089 audire,
1260 2021 1297 2078 ὂ
1325 2020 1427 2081 fili.
1583 2030 1586 2033 ’

560 2102 641 2156 So
746 2100 878 2158 ΟΒ.
915 2099 1080 2159 Num
1107 2101 1315 2159 misera·
1340 2112 1429 2160 est
1449 2102 1725 2167 Electra?
1768 2101 1851 2159 vis
1885 2099 1983 2159 hic
2008 2117 2362 2170 maneamus,
2397 2108 2467 2157 et
2490 2100 2756 2158 lamenta

668 2179 971 2238 audiamus
990 2181 1011 2236 ἓ
1219 2205 1238 2226 -·
1490 2191 1497 2199 ’
1846 2234 1853 2238 ,

745 2257 954 2324 PAED,
991 2258 1259 2332 Minime.
1348 2251 1550 2318 Rebus
1581 2258 1710 2317 aliis
1756 2259 2023 2317 omnibus
2067 2258 2425 2340 posthabitis,
2461 2257 2757 2333 Apollinis

603 2355 616 2360 ”
665 2333 830 2410 jussa
859 2337 1150 2408 conemur
1172 2340 1441 2415 exsequia
1489 2339 1645 2396 hisce
1687 2340 1952 2412 praeverti
1993 2339 2178 2405 decet,
2215 2338 2481 2413 patrique
2517 2337 2758 2394 inferias

562 2417 637 2472 85
672 2416 894 2474 facere:
938 2418 1048 2475 ista
1072 2416 1232 2477 enim
1269 2417 1571 2477 victoriam
1610 2415 1778 2476 nobis
1811 2417 2134 2484 conferent,
2160 2423 2598 2495 coeptorumque
2624 2416 2757 2474 feli-

672 2512 802 2553 cem
827 2497 1069 2554 exitum.

747 2574 875 2632 EL.
916 2575 971 2630 O
1010 2575 1112 2632 lux
1149 2591 1315 2651 pura,
1354 2583 1686 2654 terramque
1729 2577 1990 2636 ambiens
2031 2575 2229 2652 spatiis
2272 2574 2586 2652 aequalibus
2628 2580 2763 2640 aen

673 2670 849 2730 quam
875 2653 1090 2710 multos
1113 2654 1339 2713 sensisti
1357 2673 1518 2714 meos
1535 2655 1929 2714 lamentorum
1950 2644 2510 2730 lessus,⁴erebrosque
2527 2653 2759 2711 adversi

558 2734 639 2789 90
671 2732 919 2805 pectoris
937 2731 1198 2807 planctus
1216 2740 1505 2800 cruentos,
1528 2748 1710 2812 quum
1732 2753 1852 2794 nox
1876 2735 2183 2794 tenebrosa
2205 2731 2472 2790 recessit!
2501 2734 2582 2790 At
2597 2727 2757 2810 'quid

669 2811 864 2886 longis
891 2810 1156 2891 noctibus
1180 2829 1373 2888 agam,
1399 2814 1563 2870 novit
1580 2809 1709 2885 jam
1733 2815 1946 2890 invisus
1971 2822 2136 2872 torus
2159 2828 2500 2871 aetumnosae
2517 2811 2753 2877 domus,

489 2908 500 2917 ·
559 2888 635 2944 95
673 2898 1031 2964 quantopere
1045 2889 1325 2950 miserum
1337 2909 1537 2951 meum
1557 2893 1788 2972 lugeam
1810 2901 2057 2970 patrem,
2068 2906 2243 2968 quem
2255 2891 2320 2947 in
2333 2889 2576 2948 barbara
2591 2894 2756 2948 terra

672 2982 795 3025 non
818 2966 980 3024 Mars
1005 2977 1249 3026 cruento
1272 2973 1499 3047 excepit
1523 2972 1776 3048 hospitio
1789 2996 1807 3044 3
1845 2971 1954 3029 se'd
1993 2978 2181 3028 mater
2212 2987 2363 3033 mea,
2389 2968 2756 3046 thalamique
2784 3028 2787 3029 ⁷

670 3062 906 3104 consors
928 3043 1255 3125 AEgisthuS,
1281 3058 1350 3106 ut
1375 3063 1653 3127 quercum
1689 3051 1878 3108 solent
1907 3048 2162 3127 lignarii,
2197 3049 2281 3106 ita
2312 3047 2466 3105 illius
2489 3045 2765 3105 diffidere.

524 3121 639 3181 100
671 3117 846 3200 caput
869 3133 1111 3185 cruenta
1134 3129 1338 3185 securi.
1418 3126 1549 3186 Nec
1573 3146 1924 3207 quenquam,
1961 3138 2173 3203 praeter
2197 3144 2312 3193 me,
2338 3125 2552 3184 horum
2576 3126 2755 3184 mise-

613 3256 618 3265 .
671 3211 781 3268 ret,
809 3213 889 3271 te,
914 3206 951 3262 ὀ
975 3216 1161 3281 pater,
1188 3217 1311 3263 tam
1335 3206 1510 3274 foeda,
1537 3218 1774 3284 tamque
1797 3205 2113 3283 miserabili
2136 3224 2278 3264 nece
2302 3205 2606 3263 exstincto,
2673 3206 2756 3263 At

519 3284 635 3344 ,105
669 3299 809 3340 vero
829 3301 1129 3360 nunquam
1155 3284 1413 3343 desinam
1438 3285 1664 3362 lugere,
1691 3282 2038 3363 acerbosque
2073 3286 2242 3342 fletus
2266 3284 2459 3350 edere,
2478 3283 2627 3342 dum
2650 3301 2756 3343 ru·

668 3362 899 3419 tilantia
922 3362 1129 3420 videbo
1152 3362 1411 3444 siderum
1445 3363 1689 3426 lumina,
1731 3365 1997 3442 hancque
2035 3363 2240 3422 videbo
2263 3362 2490 3433 lucem3
2528 3362 2655 3430 sed,
2672 3370 2756 3421 ut

651 3440 912 3499 ·1uscinia
936 3440 1109 3516 pullis
1135 3442 1356 3510 orbata,
1383 3451 1521 3500 ante
1552 3443 1704 3500 fores
1737 3443 1948 3501 harum
1985 3449 2357 3520 paternarum
2386 3443 2599 3500 aedium
2625 3437 2755 3516 eju-

481 3576 490 3587 ,
517 3518 637 3576 no
668 3516 795 3576 lans
819 3528 1020 3579 acutos
1059 3521 1330 3579 omnibus
1367 3517 1540 3578 sonos
1579 3513 1944 3597 profundam}
2024 3521 2079 3578 Ο
2104 3520 2313 3578 domus
2351 3521 2493 3579 Orci
2519 3528 2581 3577 et
2604 3519 2759 3578 Pro-

667 3594 935 3672 sex-pinne.
962 3599 1000 3656 ὀ
1025 3601 1312 3657 terrestris
1354 3599 1633 3667 Mercuri,
1672 3610 1755 3657 et.
1774 3598 2023 3659 verenda
2060 3599 2441 3675 Imprecatio,
2476 3615 2691 3676 vosque
2716 3598 2755 3656 ὁ

665 3690 877 3733 severoe
894 3675 1158 3735 Deorum
1186 3679 1317 3736 filiae
1343 3676 1650 3754 ErinnyeS,
1670 3697 1799 3757 quae
1820 3676 2038 3752 injusta
2060 3692 2201 3736 nece
2219 3686 2548 3754 peremptos
2570 3679 2760 3754 respi-

517 3750 632 3809 115
665 3754 815 3822 citis,
842 3751 971 3832 quae
995 3755 1220 3814 furtivis
1244 3759 1457 3832 stupris
1480 3752 1698 3833 alienos
1720 3757 2000 3815 violantes
2023 3757 2327 3823 thalamos,
2342 3756 2559 3823 adeste,
2577 3772 2754 3831 opem

665 3832 834 3901 ferte,
861 3834 1254 3893 ulcisciminor
1293 3838 1474 3912 patris
1517 3837 1736 3895 caedem
1778 3837 1983 3903 nostri,
2027 3844 2089 3893 et
2122 3836 2271 3894 mihi
2295 3853 2493 3894 meum
2532 3834 2755 3893 mittite

516 3910 634 3966 120
664 3911 939 3970 fratrem:
982 3914 1104 3971 sola
1127 3916 1285 3973 enim
1311 3914 1558 3991 amplius
1581 3914 1824 3974 sufferre
1848 3932 1971 3974 non
2004 3915 2168 3974 valeo
2192 3916 2460 3973 moerorla
2482 3915 2753 3990 ingrave-

663 4007 1058 4128 scegiionaeqsesu
1083 4071 1220 4137 filia,
1238 4072 1359 4130 fllia
1378 4071 1769 4131 audacissimae
1787 4071 2025 4131 Electra
2043 4072 2266 4138 matris,
2288 4070 2429 4148 quid
2446 4082 2506 4128 t‘e
2523 4087 2760 4146 semper

658 4147 745 4205 ita
770 4153 1045 4215 macerae,
1072 4149 1434 4235 ineapletum
1469 4153 1678 4228 lugens
1711 4152 1880 4209 illum
1904 4153 2046 4210 olim
2079 4150 2293 4209 dolosis
2317 4151 2512 4226 impiae
2551 4151 2755 4207 matris

512 4226 624 4285 125
659 4222 880 4285 artibus
903 4224 1157 4303 captum,
1182 4231 1590 4308 sceletataeque
1629 4230 1933 4306 proditum
1971 4232 2174 4288 manui
2207 4230 2710 4306 Agamemnonem
2729 4229 2756 4285 ἒ

661 4304 901 4366 Utinam
929 4315 1149 4386 pereat,
1176 4310 1286 4389 qui-
1301 4311 1411 4368 ista
1432 4310 1704 4401 patravit,
1731 4310 1784 4369 si
1806 4310 1955 4369 mihi
1980 4309 2105 4371 haec
2129 4316 2334 4391 optare
2357 4308 2445 4368 fas
2466 4306 2593 4383 eat!
2647 4314 2676 4325 ”

2974 937 2977 976 ᾼῩ
2962 443 2977 854 ἡ--ιι--ιἼ---ι--ι-ιιιιι
