3017 4900
501 636 1945 896 usoPHochs

905 989 1649 1120 'ELECTRA.

308 1607 325 1628 ⁴·
345 1612 538 1673 ·AEo.
584 1569 678 1668 O
708 1609 1118 1682 oUcToms
1143 1612 1433 1674 exercitus
1466 1608 1612 1672 olim
1648 1610 1724 1673 ad
1754 1607 1995 1686 Trojam
2021 1611 2339 1694 Agamem-

324 1697 359 1744 ἰ
376 1697 423 1751 is
450 1694 553 1760 fili,
579 1710 739 1751 nunc
763 1711 960 1752 coram
989 1692 1204 1750 intueri
1230 1692 1336 1750 tibi
1367 1694 1502 1751 licet
1521 1693 1638 1761 illa,
1660 1711 1912 1771 quorum
1930 1695 2093 1753 fuisti
2111 1713 2342 1774 semper
2428 1755 2437 1762 ,
2504 1735 2510 1744 -

341 1773 514 1829 idus.
592 1763 728 1829 Hoc
751 1773 910 1831 enim
936 1780 1100 1829 vetus
1126 1772 1270 1829 illud
1300 1772 1487 1849 Argos
1523 1781 1629 1839 est,
1662 1773 1820 1851 quod
1845 1771 2168 1833 desiderare
2192 1775 2341 1833 sole·

365 1872 380 1908 ε
427 1852 521 1910 hit·
545 1851 711 1908 lucus
735 1861 822 1907 ωε
846 1858 1024 1908 oestro
1049 1852 1289 1932 percitae
1328 1850 1534 1909 Inachi
1569 1852 1779 1927 puellae
1798 1876 1814 1908 ε
1859 1869 2055 1927 porro,
2082 1855 2167 1910 mi
2193 1853 2339 1925 Ore·
2374 1856 2413 1918 5

410 1930 524 1987 hoc
548 1929 806 2004 Lyceum
847 1930 1041 1996 forum
1083 1937 1170 1986 ωε
1199 1927 1478 2006 'lupicidae
1513 1928 1630 1987 Dei
1640 1955 1663 2003 ,ς
1707 1930 1783 1988 ad
1819 1930 2025 1989 laevam
2056 1932 2338 2006 inclytum

308 1999 337 2024 '²'
385 2016 476 2065 est
501 2007 755 2065 Junonis
780 2009 1068 2083 templum
1086 2031 1103 2063 ε
1147 2026 1265 2085 quo
1289 2025 1426 2066 vero
1452 2009 1842 2084 pervenimus,
1862 2010 2032 2067 crede
2054 2019 2114 2067 te
2138 2011 2338 2086 Myce-

376 2087 687 2162 opulentas
709 2103 967 2154 cernere,
994 2086 1400 2165 exitialemque
1424 2088 1840 2164 Pelopidarum
1877 2088 2139 2154 domum,
2181 2089 2336 2146 unde
2376 2092 2453 2149 10

310 2165 478 2223 lim
504 2184 539 2221 e
565 2178 809 2240 paterna
838 2168 993 2223 caede
1028 2175 1316 2242 ereptum,
1361 2165 1756 2244 traditumque
1796 2167 1941 2225 mihi
1980 2184 2016 2222 a
2057 2185 2340 2243 germana

320 2319 323 2322 Ι
366 2270 387 2292 -:
409 2262 569 2304 wore
587 2245 820 2308 abstuli,
840 2254 901 2303 et
921 2248 1162 2312 servavi,
1174 2245 1498 2314 ‚eteducavi
1514 2245 1631 2303 huc
1647 2263 1831 2322 usque
1851 2246 2056 2310 aetatis,
2079 2252 2335 2320 paternae

290 2321 303 2330 '
320 2325 335 2342 ‘'
388 2349 396 2354 ·
431 2324 702 2382 ultorem.
780 2321 958 2384 Nunc
992 2325 1194 2402 igitur,
1236 2325 1467 2392 Oresta,
1493 2331 1675 2401 tuque
1701 2325 1997 2400 hospitum
2024 2326 2335 2391 carissime,
2376 2323 2449 2383 15

398 2427 411 2453 ο
428 2421 484 2471 e,
509 2401 649 2480 quid
673 2399 829 2463 facto
854 2420 1001 2480 opus
1024 2404 1101 2464 sit
1125 2404 1283 2463 ocius
1301 2403 1755 2465 deliberandum.
1796 2404 2067 2481 Namque
2079 2398 2206 2477 ‚jam
2233 2420 2339 2461 no-

304 2480 359 2559 J’,
398 2482 640 2541 ucidum
677 2483 814 2540 solis
845 2478 1025 2555 jubar
1063 2484 1381 2542 matutinos
1417 2483 1634 2542 excitat
1670 2484 1878 2556 alitum
1902 2493 2106 2541 cantus
2132 2483 2336 2551 claros,
2366 2486 2388 2493 ”

308 2558 355 2583 ··“
392 2577 550 2640 que
593 2563 780 2619 noctis
824 2563 1083 2620 occidere
1118 2571 1291 2621 astra.
1397 2562 1745 2639 Priusquam
1794 2563 1979 2639 igitur
2027 2562 2334 2621 hominum
2368 2570 2452 2624 20

288 2638 293 2641 ’
388 2658 553 2699 2uam
576 2640 732 2699 foma
755 2641 1113 2716 egrediatur,
1139 2641 1490 2703 conferenda
1527 2649 1666 2698 sunt
1697 2643 1970 2702 consilia:
2015 2659 2149 2699 nam
2177 2642 2241 2698 in
2265 2659 2339 2698 eo

290 2716 303 2793 'f
426 2760 467 2787 ,
494 2719 598 2776 ubi
621 2722 887 2796 segnitiae
909 2720 1058 2777 nihil
1077 2727 1164 2778 aet
1178 2721 1424 2797 amplius
1449 2721 1584 2786 loci,
1604 2719 1705 2778 sed
1725 2728 2038 2797 properato
2058 2738 2204 2796 opus
2230 2730 2339 2778 est.

278 2794 329 2871 ἦ*
350 2800 419 2841 ⁹³⁹
444 2841 459 2857 .
498 2798 556 2856 Ο
580 2798 936 2861 famulorum
958 2800 1271 2867 carissime,
1299 2817 1474 2876 quam
1500 2810 1662 2857 certa
1683 2800 1830 2858 mihi
1864 2799 2078 2856 indicia
2102 2799 2338 2857 exhibes
2358 2856 2363 2860 ,

266 2862 337 2963 μ’
370 2876 375 2953 J
415 2876 516 2935 oli
541 2877 608 2934 in
631 2896 739 2937 nos
771 2874 988 2936 animi!
1032 2877 1543 2942 Quemadmodum
1587 2878 1744 2934 enim
1782 2883 2099 2954 generosus
2132 2896 2334 2954 equus,
2368 2881 2448 2938 25
2489 2924 2495 2929 .

302 2938 378 3035 :³³¹-
394 2980 418 3004 ==
450 2981 482 3007 u
517 2959 843 3025 consenuit,
863 2957 927 3027 in
949 2956 1206 3034 periculo
1230 2964 1430 3014 tamen
1449 2974 1572 3015 non
1585 2956 1780 3013 deficit
1805 2957 2021 3022 anime,
2047 2956 2149 3014 sed
2166 2976 2338 3025 aures

274 3028 339 3111 ''j“
423 3043 467 3099 t,
501 3036 585 3093 sie
628 3044 692 3093 et
724 3043 792 3099 tu
836 3053 1056 3114 nosque
1096 3035 1318 3098 incitas,
1347 3043 1410 3092 et
1445 3035 1568 3111 ipse
1603 3035 1760 3095 inter
1801 3038 2018 3110 primos
2061 3032 2336 3112 sequeris.

304 3098 351 3129 ⁴*
427 3116 502 3172 de
528 3132 660 3192 quae
693 3115 920 3173 decrevi
945 3116 1054 3173 tibi
1090 3116 1411 3191 exponam:
1457 3123 1529 3172 tu
1553 3132 1690 3172 vero
1716 3116 1896 3172 acutis
1921 3114 2154 3172 auribus
2182 3114 2337 3172 dicta
2366 3121 2463 3175 30.

451 3195 695 3261 uriens,
722 3195 772 3251 si
797 3194 937 3272 quid
961 3213 998 3251 a
1021 3212 1086 3252 re
1113 3194 1339 3260 aberrO,
1357 3193 1615 3270 corrige.
1684 3193 1818 3270 Ego
1844 3194 2003 3250 enim
2029 3199 2337 3271 postquam

440 3274 598 3331 ‘cum
620 3273 739 3330 adii
761 3274 1084 3340 oraculum,
1112 3281 1181 3331 ut
1205 3273 1488 3341 discerem
1515 3289 1768 3350 quonam
1807 3271 1983 3330 modo
2017 3289 2216 3347 poenas
2240 3290 2337 3330 su-

440 3379 449 3401 ι
493 3353 676 3428 patris
699 3350 774 3411 ab
794 3353 1160 3420 occisoribus,
1187 3351 1301 3409 hoc
1340 3352 1486 3409 mihi
1522 3369 1863 3429 responsum
1889 3349 2332 3427 edidit.Apollo‚
2365 3353 2446 3408 35

456 3457 462 3477 2
498 3457 528 3481 ,ι
567 3430 768 3490 audies
785 3453 802 3488 ε
845 3431 1041 3489 Solum
1080 3450 1185 3497 me,
1222 3449 1322 3488 nec
1358 3449 1659 3497 armorum,
1692 3448 1791 3487 nec
1827 3424 2093 3486 eicere-itus
2127 3432 2334 3486 instru-

456 3537 483 3559 -ι
510 3537 520 3559 ι
544 3536 554 3559 o
600 3518 721 3575 atu,
747 3511 894 3569 clam
918 3529 984 3568 ex
1003 3512 1219 3568 insidiis
1237 3512 1497 3569 meritam
1518 3509 1722 3586 inferre
1748 3527 1915 3571 manu
1932 3526 2129 3566 necem.
2172 3509 2337 3570 Quo·

462 3591 614 3657 ‘tur
636 3589 753 3647 tale
777 3589 1079 3649 oraculum
1104 3588 1446 3651 audivimus,
1486 3595 1553 3645 tu
1593 3587 1845 3666 quidem,
1881 3587 1985 3646 ubi
2013 3596 2071 3643 te
2098 3587 2338 3645 inducet

464 3694 511 3717 ⁴:
560 3670 989 3746 opportunitas,
1033 3669 1137 3729 has
1181 3666 1333 3726 aedes
1376 3668 1691 3743 ingressus,
1732 3665 1825 3724 fac
1862 3666 2129 3724 resciscas
2167 3666 2334 3742 quid·
2365 3669 2450 3723 40

468 3756 589 3806 tus
625 3750 843 3825 agitur,
885 3754 958 3807 ut
994 3746 1245 3825 cognitis
1282 3746 1574 3812 omnibuS,
1610 3748 1771 3803 certa
1813 3744 1980 3802 nobis
2018 3747 2338 3803 renunties.

517 3866 525 3876 ·
557 3852 589 3877 ··
629 3827 792 3887 enim
829 3837 891 3885 te
914 3838 1147 3885 senecta
1182 3824 1330 3887 adeo
1355 3826 1732 3897 immutatum
1767 3831 1900 3900 post
1918 3830 2062 3881 -tam
2087 3824 2332 3900 longum

468 3932 473 3973 ;
516 3916 857 3984 agnoscent,
904 3913 1008 3965 aut
1042 3911 1376 3981 suspectum
1415 3904 1734 3962 habebunt.
1814 3902 2097 3971 Sermone
2134 3911 2333 3960 autem

472 4012 478 4034 ι
517 4010 560 4054 ·,
588 3986 858 4062 hospitem
893 3992 948 4041 te
973 3985 1194 4060 quidem
1220 3974 1554 4040 Phoceu-sem
1591 4001 1720 4049 esse,
1762 3985 1989 4039 missum
2023 4001 2064 4040 a
2108 3982 2333 4038 Phano-
2360 3981 2440 4034 45

478 4086 508 4130 ,·
551 4083 806 4143 namque
830 4065 1168 4134 issummus
1203 4069 1292 4119 est
1324 4061 1437 4119 iuis
1460 4061 1680 4119 amicus
1697 4086 1713 4119 ι
1762 4061 1971 4118 nuntia
1994 4077 2150 4126 vero,
2170 4056 2338 4130 jure-A

414 4176 433 4205 ,ν
450 4161 491 4202 o
534 4143 717 4203 fidem
755 4144 925 4201 dictis
972 4142 1302 4206 adstruens,
1354 4143 1572 4198 cessisse
1604 4139 1760 4218 fatis
1812 4141 2037 4212 Oresten
2087 4140 2336 4205 violenta

402 4264 407 4267 -
456 4226 664 4300 rapido
685 4240 854 4281 marra
879 4218 1428 4297 delapsumPytlzico
1453 4225 1515 4276 in
1539 4223 1853 4281 certamine.
1935 4218 2082 4277 Haec
2104 4234 2337 4303 summa
2366 4217 2452 4274 50

494 4302 647 4369 ouis
693 4310 832 4365 tuae.
930 4299 1059 4362 Nos
1097 4298 1237 4361 vero
1281 4315 1466 4375 quum
1507 4301 1771 4376 primum
1808 4298 1981 4379 patri,
2024 4296 2117 4356 uti
2158 4295 2337 4370 Jtnssit

232 4210 281 4249 fi
