3017 4900
682 310 822 380 246
1484 307 1940 380 ELEC'I’RA.

717 509 726 538 .·
763 482 896 544 CH.
933 482 1219 543 Animum
1235 482 1495 550 adverte,
1523 501 1695 563 parce
1724 486 1894 562 plura
1924 486 2105 564 loqui.
2180 483 2322 546 Non
2345 485 2591 567 cogitas,
2613 483 2759 569 quali

530 572 653 628 215
685 571 899 624 estatu
925 564 1120 642 qmloe
1158 563 1224 622 in
1257 581 1551 624 aerumnas
1585 580 1793 642 sponte
1835 573 1938 624 tua
1981 565 2187 624 incidis
2230 567 2512 645 indigne?
2557 586 2767 646 magno

685 644 844 702 enim
886 642 1123 700 cumulo
1165 650 1293 704 tute
1335 644 1492 702 mala
1532 652 1640 704 tua
1680 662 1878 723 auges,
1926 641 2107 704 anxio
2152 652 2257 704 tuo
2294 647 2497 706 animo
2541 660 2764 725 semper

533 729 656 785 220
685 721 1162 858 Εἰςιᾶοιιξὺιζίιιὲιιε,.ι
1206 720 1389 800 Atqui
1410 740 1549 782 cum
1570 723 1997 800 potentioribus
2015 718 2219 801 jurgio
2232 726 2592 786 contendere
2605 725 2761 786 haud

685 819 799 859 eon
840 819 933 859 uei
974 820 996 857 1
1075 819 1134 857 es
1167 842 1182 858 .

761 878 887 939 EL.
926 879 1018 937 Eo
1057 897 1153 937 me
1185 878 1469 955 compulit
1507 878 1796 940 malorum
1837 882 2107 941 atrocitas
2125 906 2142 939 ε
2184 880 2324 949 scio,
2351 901 2460 942 nec
2484 900 2581 949 me
2606 897 2785 946 meus.
2813 897 2817 903 ·

645 995 648 1002 ·
682 957 826 1017 latet
850 959 1110 1033 impetus
1125 957 1326 1016 animi.
1404 958 1539 1026 Sed,
1570 958 1713 1037 quid
1750 962 1910 1020 enim
1952 977 2127 1037 agam
2165 962 2334 1022 malis
2359 962 2610 1024 obruta?
2652 977 2769 1020 non

528 1046 651 1101 225
684 1037 1023 1113 temperabo
1045 1037 1137 1094 his
1156 1036 1420 1114 querelis,-
1443 1038 1583 1096 licet
1600 1037 1892 1097 damnosis
1912 1039 2078 1103 mihi,
2097 1040 2242 1099 dum
2259 1042 2377 1100 vita
2399 1040 2547 1100 mihi
2564 1058 2771 1116 suppe-

684 1122 790 1174 tet.
868 1117 921 1175 A
945 1133 1062 1194 quo
1084 1116 1250 1173 enim
1271 1121 1555 1193 unquam,
1578 1131 1713 1176 cers
1737 1119 2071 1196 progenies,
2091 1118 2293 1178 audire
2314 1120 2530 1195 possim
2549 1119 2771 1180 dictum

683 1194 923 1273 aliquod
946 1195 1294 1252 conveniens
1331 1196 1518 1252 mihi?
1560 1214 1598 1253 a
1636 1214 1753 1289 quo
1777 1205 2111 1272 opportuna
2130 1198 2475 1274 cogitante?
2521 1197 2766 1264 Mittite,

477 1285 480 1288 ·
531 1281 655 1340 230
683 1276 900 1333 ndtfite
923 1291 1022 1332 me
1044 1272 1348 1331 consolari·
1429 1274 1549 1341 Hic
1579 1290 1739 1333 emm
1774 1274 1966 1334 luctus
2005 1293 2313 1354 nunquam
2347 1277 2625 1345 solvetur,
2663 1287 2768 1334 nee

682 1370 948 1431 unquam
970 1370 1093 1430 prae
1116 1352 1318 1411 dolore
1340 1353 1575 1411 cessabo
1597 1354 1766 1414 fletus
1791 1355 2129 1414 innumeros
2142 1355 2430 1414 fundere.-

764 1431 896 1490 CH.
936 1433 1117 1509 Atqui
1156 1431 1561 1491 benevolentia
1593 1432 1846 1492 adducta
1876 1434 1987 1493 ista
2028 1434 2182 1502 dico,
2202 1442 2278 1493 ut
2305 1434 2423 1493 fida
2446 1439 2639 1494 mater
2662 1432 2769 1494 tibi

529 1520 649 1576 235
683 1512 1013 1577 consulens,
1039 1529 1118 1572 ne
1142 1509 1364 1568 malum
1391 1512 1559 1569 malis
1582 1511 1924 1570 accumules.

759 1590 886 1647 ΕΒ.
926 1591 1006 1647 At
1051 1590 1180 1668 quis
1219 1588 1425 1647 modus
1474 1608 1623 1648 meae
1667 1590 2030 1648 afflictionis?
2090 1589 2257 1659 cedo,
2302 1589 2406 1668 qui
2450 1591 2766 1652 honestum

680 1670 862 1728 fuerit
884 1676 1254 1728 mortuorum
1277 1684 1481 1726 curam
1501 1665 1791 1740 abjicere?
1834 1669 2079 1748 ubinam
2116 1670 2297 1728 homo
2319 1678 2409 1728 est
2431 1687 2506 1727 eo
2528 1669 2769 1746 ingenio

531 1753 653 1811 240
685 1749 895 1805 natus?
937 1748 1146 1825 Neque
1169 1747 1282 1804 sim
1306 1747 1464 1821 apud
1488 1747 1632 1805 tales
1658 1747 1963 1816 honorata,
1988 1766 2202 1827 neque,
2217 1749 2267 1806 si
2294 1749 2391 1806 cui
2407 1748 2631 1810 nubam
2649 1748 2767 1807 for-

681 1833 892 1885 tunato
916 1827 1060 1894 viro,
1080 1844 1218 1884 cum
1240 1844 1314 1883 eo
1338 1823 1597 1884 habitem
1621 1827 1958 1904 tranquilla,
1979 1828 2291 1888 immemor
2307 1827 2488 1888 debiti
2513 1828 2772 1903 parenti·

686 1905 792 1963 bus
816 1906 1073 1976 honoris,
1096 1906 1500 1995 impetumque
1541 1905 1817 1964 cohibens
1848 1913 2153 1966 acutorum
2178 1907 2531 1982 gemituum.
2612 1906 2768 1966 Nam

375 2061 384 2068 ,
471 1999 475 2004 ’
523 1987 650 2047 Ὡ45
683 1984 786 2043 ine
807 1986 859 2054 si
889 1994 1153 2043 mortuus
1186 1982 1408 2057 jacebit
1443 1991 1601 2043 terra
1639 1985 1943 2050 insensilis,
1971 2003 2078 2044 nec
2115 1985 2275 2044 aliud
2313 1985 2630 2062 quidquam
2650 2008 2669 2055 ς
2711 1985 2775 2044 bi

684 2081 822 2120 vero
842 2065 891 2121 si
915 2082 1039 2122 non
1061 2063 1286 2123 dabunt
1321 2081 1542 2139 poenas,
1575 2063 1795 2124 coedem
1831 2063 1990 2122 coede
2030 2065 2279 2131 luentes,
2305 2063 2521 2141 peribit
2557 2061 2769 2140 pudor,

530 2147 653 2205 250
683 2149 746 2200 ct
769 2144 962 2201 omnis
981 2144 1156 2202 simul
1178 2141 1333 2219 apud
1358 2143 1632 2201 mortales
1657 2143 1858 2218 pietas.

760 2221 896 2280 CH.
931 2222 1070 2301 Ego
1112 2217 1402 2299 equidem,
1446 2222 1485 2281 ὀ
1529 2222 1673 2290 filia,
1712 2228 1819 2280 tua
1860 2223 2069 2299 gratia,
2109 2239 2354 2301 meaque
2386 2218 2567 2280 simul
2588 2220 2773 2298 ipsius

681 2299 799 2359 h'uc
824 2303 990 2360 veni:
1032 2301 1084 2359 si
1107 2300 1246 2380 quid
1269 2300 1466 2359 minus
1489 2308 1648 2360 recte
1675 2301 1912 2369 suadeo,
1950 2311 2022 2360 tu
2044 2302 2244 2373 vince5
2286 2301 2396 2359 tibi
2418 2300 2582 2362 enim
2606 2300 2772 2362 obse·

682 2397 1120 2520 quzffitffrl‘udet
1143 2476 1240 2517 me
1265 2459 1523 2536 quidem,
1551 2458 1589 2518 ὀ
1613 2417 1902 2524 mulieres,
1925 2457 2081 2539 quod
2106 2458 2184 2517 ob
2208 2457 2466 2518 assiduos
2489 2458 2664 2518 fletus
2683 2458 2765 2517 vi-

524 2544 646 2603 255
681 2538 825 2597 dear
846 2537 1007 2595 vobis
1032 2539 1284 2597 nimium
1321 2540 1632 2614 impotenti
1666 2557 1789 2596 esse
1822 2541 2056 2598 animo:
2097 2556 2302 2598 verum
2329 2538 2657 2614 ignoscite3
2699 2557 2775 2596 eo
2838 2574 2843 2583 -

680 2618 842 2677 enim
865 2635 962 2675 me
986 2617 1172 2693 adigit
1196 2618 1519 2676 necessitas,
1562 2617 1721 2675 Nam
1746 2618 1847 2694 qui
1870 2634 2156 2695 generosa
2178 2617 2390 2677 mulier
2413 2634 2534 2675 non
2559 2616 2768 2679 itidem

679 2696 902 2773 lugeat,
939 2703 1184 2773 paterna
1218 2711 1461 2753 cernens
1497 2697 1855 2776 infortunia?
1899 2715 2030 2774 quae
2053 2715 2167 2773 ego
2190 2696 2476 2755 interdius·
2500 2703 2563 2753 et
2588 2703 2772 2757 noctu

524 2781 649 2838 260
677 2792 910 2851 semper
931 2777 1117 2853 magis
1142 2774 1426 2867 pullulare
1450 2793 1641 2869 quam·
1652 2792 2003 2834 marcescere
2026 2776 2211 2869 videq.
2291 2775 2405 2833 Cui
2446 2774 2708 2868 primum
2730 2791 2769 2832 a

661 2862 868 3010 *3255
880 2872 1146 2992 {⁰503ss
1165 2853 2768 3010 {fiamffimoefffflffisseffizassffiffi

525 3017 645 3074 265
677 3013 925 3089 imperio
946 3031 1098 3081 sum,
1124 3025 1184 3071 et
1211 3013 1421 3072 horum
1446 3030 1520 3070 ex
1542 3012 1786 3072 arbitrio
1803 3014 2039 3090 pendet,
2064 3013 2418 3089 accipiamne
2440 3011 2665 3089 aliquid
2690 3028 2773 3074 an

609 3174 614 3179 ·
675 3106 924 3229 2⁰1²?ssssss
931 3092 1544 3250 egAEZmfissffissduffff
1558 3093 2019 3250 mmai
2039 3089 2765 3248 Essti‘z’effifflzffl

523 3254 647 3317 270
677 3250 775 3308 ille
811 3251 1092 3311 indutum
1129 3249 1401 3317 vestibus,
1437 3257 1807 3328 stantemque
1844 3251 1919 3308 ad
1956 3250 2154 3308 focum
2191 3249 2320 3307 Diis
2343 3248 2593 3308 fundere
2616 3248 2764 3309 liba·

671 3330 857 3398 mina,
884 3348 1136 3408 quorum
1173 3330 1242 3387 in
1276 3336 1592 3403 conspectu
1628 3329 1798 3387 illum
1835 3328 2183 3389 trucidavit?
2225 3328 2495 3406 Denique
2529 3326 2765 3406 quando

673 3409 889 3469 horum
914 3410 1081 3467 video
1105 3417 1428 3467 extremam
1453 3409 1902 3480 contumeliam3
1947 3409 2267 3471 occisorem
2300 3408 2468 3469 nobis
2506 3409 2569 3466 in
2609 3407 2765 3464 lecto

672 3489 856 3564 patris
880 3507 1018 3547 cum
1041 3487 1269 3565 perdita
1307 3494 1514 3567 matre,
1538 3494 1790 3546 matrem
1827 3489 1879 3545 si
1911 3487 1997 3545 fas
2020 3494 2110 3545 est
2133 3504 2262 3545 eam
2289 3486 2602 3564 appellare,
2628 3503 2762 3564 quae

521 3567 642 3631 2¹75
673 3584 810 3625 eum
833 3567 948 3626 isto
971 3567 1167 3627 cubet,
1244 3564 1410 3624 Illius
1436 3582 1575 3623 vero
1596 3565 1745 3625 adeo
1776 3584 1987 3625 vesana
2021 3565 2377 3643 confidentia
2397 3571 2506 3631 est,
2532 3574 2602 3623 ut
2623 3578 2763 3624 cum

672 3646 950 3722 piaculari
969 3652 1304 3705 consuescat
1321 3646 1466 3713 viro,
1484 3645 1754 3706 Deorum
1768 3645 2084 3704 vindictam
2104 3645 2325 3717 nullam
2341 3643 2728 3703 reformidans
2740 3666 2759 3698 ι

672 3741 874 3783 verum
894 3735 1171 3805 tanquam
1185 3724 1451 3803 gaudens
1473 3730 1706 3801 patrato
1720 3725 1961 3791 scelere,
1978 3723 2265 3783 redeunte
2281 3723 2530 3818 singulis
2547 3723 2768 3782 mensis·

563 3870 568 3878 ,
670 3800 779 3862 bus
806 3812 1007 3881 optato
1030 3806 1132 3863 illo
1156 3805 1271 3872 die,
1335 3820 1416 3861 uo
1440 3805 1584 3863 olim
1609 3812 1837 3882 patrem
1873 3821 2076 3862 meum
2101 3821 2177 3863 ex
2198 3802 2421 3861 insidiis
2446 3802 2760 3865 interfecit.

517 3882 642 3943 280
669 3882 783 3940 hoc
809 3884 935 3960 ipso
959 3884 1166 3942 choros
1199 3885 1320 3943 cele
1359 3890 1470 3947 rat,
1510 3884 1893 3962 immolatque
1932 3883 2150 3942 hostias
2185 3881 2316 3965 :piis
2353 3880 2759 3945 servatoribus.

668 3962 752 4019 At
769 3979 884 4039 ego
903 3960 1032 4021 haec
1055 3963 1266 4023 misera
1288 3962 1627 4038 conspioens
1658 3965 1729 4020 in
1762 3963 1930 4020 tectis
1954 3963 2144 4039 ploro,
2179 3961 2528 4020 contabesco
2548 3967 2610 4018 et
2632 3976 2757 4018 me-

666 4057 806 4100 cum
850 4043 1032 4101 tacita
1072 4044 1249 4120 lugeo
1287 4041 1550 4109 infelices
1594 4041 1723 4100 illas
1764 4042 1986 4118 epulas,
2029 4042 2212 4118 patris
2261 4040 2445 4098 dictas
2496 4040 2757 4098 nomine.

513 4123 633 4180 285
665 4119 877 4199 Neque
914 4124 1075 4181 enim
1114 4122 1307 4198 palam
1346 4119 1659 4179 lamentari
1696 4122 1832 4179 licet
1871 4130 2156 4198 quantum
2192 4119 2401 4196 volupe
2426 4126 2517 4178 est
2540 4119 2758 4177 animo.

663 4198 936 4278 Namque
960 4202 1085 4259 haec
1123 4201 1301 4258 verbo
1340 4206 1512 4257 tenus
1549 4217 1839 4276 generosa
1876 4207 2085 4264 mater,
2110 4198 2246 4275 ,alto
2269 4199 2525 4258 clamore
2549 4196 2763 4255 talibus

495 4288 505 4313 ⁸
537 4280 556 4317 -’
657 4292 759 4337 ’ωε
785 4279 1046 4356 increpat
1071 4280 1300 4356 probris
1319 4300 1337 4334 e
1383 4280 1431 4334 Ο
1456 4278 1595 4339 Diis
1619 4279 1867 4356 mihique
1910 4281 2108 4345 invisa,
2144 4279 2321 4336 soline
2365 4280 2469 4336 tibi
2510 4283 2760 4335 mormius

499 4363 629 4423 290
660 4364 743 4418 est
776 4361 992 4438 pater?
1031 4358 1290 4421 nullusne
1319 4356 1472 4435 alius
1507 4360 1832 4421 mortalium
1875 4361 1941 4421 in
1976 4359 2130 4418 luctu
2172 4364 2255 4419 est
2272 4359 2310 4420 9
2346 4357 2505 4420 Male
2535 4370 2753 4436 pereae,

2966 0 2980 320 ἒ

2960 467 2976 898 i
