3017 4900
687 348 817 417 256
1382 423 1389 434 ,
1509 341 1963 416 ELECTRA.

765 511 892 584 EL.
931 521 1026 579 An
1050 520 1229 579 etiam
1268 515 1329 578 in
1365 522 1756 599 celeripedum
1783 541 2076 602 equorum
2111 523 2544 595 certaminibus,
2568 527 2769 590 utui-

684 617 817 658 sero
843 599 929 657 illi
953 601 1220 676 contigit,
1247 599 1536 676 implicari
1560 602 1738 661 loris?
2658 599 2691 660 1

764 677 1259 773 CH.1mprovisa
1282 680 1599 739 calamitas.
1739 711 1746 720 «

537 759 655 815 865
764 755 899 893 ghi.
930 757 1249 894 ἓιιιρρίιιί.
1234 761 1255 814 ?
1297 758 1350 816 si
1372 760 1685 837 peregrina
1708 760 1773 818 in
1797 769 1956 818 terra
1978 759 2104 818 sine
2130 760 2274 818 meis
2303 747 2731 821 manibus-—

989 835 1148 913 *Μ’

401 899 416 906 ”
531 907 658 978 m
764 913 892 982 EL.
932 915 1218 973 Conditus
1255 921 1343 973 est
1378 934 1551 985 urna,
1591 934 1777 995 neque
1806 917 2081 994 sepulcri,
2109 935 2298 997 neque
2321 919 2712 980 lamentorum
2736 939 2772 979 a

685 994 851 1053 nemis
876 994 1164 1054 honorem
1190 996 1447 1054 sortitus.

763 1071 1054 1131 CHRYS.
1095 1073 1224 1132 Prae
1260 1073 1479 1167 gaudio
1501 1074 1579 1132 ad
1602 1083 1682 1141 te,
1720 1074 1759 1132 ὁ
1795 1076 2108 1138 carissima,
2135 1092 2406 1168 propero,
2434 1078 2650 1136 omisso
2670 1076 2777 1136 dee

680 1151 843 1218 coro,
868 1159 937 1210 ut
958 1149 1132 1210 eitius
1169 1152 1433 1212 veniamz
1476 1155 1614 1212 laeta
1647 1154 1806 1212 enim
1832 1153 2034 1219 affero,
2057 1154 2435 1234 requiemque
2459 1158 2772 1272 malorum,

532 1317 652 1382 875
684 1230 895 1369 qussfas
918 1229 1337 1370 8ῑῖᾚῖἪὲ
1354 1232 1999 1371 ιιιῐιλιξέιιῗιξοιειιιῖιζέιξιιῖ
2020 1311 2316 1372 malorum
2338 1314 2625 1383 levamen,
2642 1315 2774 1440 qui-

683 1388 793 1448 bus
818 1388 1105 1448 medelam
1132 1389 1353 1448 nullam
1376 1390 1573 1448 videre
1596 1391 1772 1448 lieet?

762 1466 1055 1526 CHRYS.
1093 1467 1271 1526 Adest
1309 1467 1477 1527 nobis
1500 1469 1759 1536 Orestes,
1788 1480 2015 1529 certum
2051 1468 2167 1527 hoc
2192 1469 2341 1540 scias
2362 1480 2523 1531 teex
2544 1427 2771 1544 me-iiu·
2802 1519 2809 1524 .

681 1545 827 1613 dire,
852 1546 936 1605 ita
960 1547 1318 1613 manifestus,
1343 1559 1412 1604 ut
1437 1566 1535 1605 me
1560 1566 1717 1606 nunc
1739 1548 2005 1606 intueris.

528 1635 653 1692 ⁸80
678 1622 888 1763 rid1313.
931 1625 1136 1685 Num'
1120 1627 1355 1698 insanis,
1384 1627 1423 1685 ὀ
1453 1627 1686 1696 misera,
1712 1635 1775 1685 et
1797 1630 1916 1686 tuis
1951 1627 2131 1705 ipsius
2173 1629 2362 1695 malis,
2388 1629 2655 1726 meisque
2694 1632 2775 1690 ίι·

772 1724 833 1762 es

758 1783 1053 1845 CHRYS.
1093 1784 1318 1844 Patrios
1359 1791 1597 1862 penates
1642 1781 1874 1860 adjuro,
1913 1786 2074 1847 haud
2111 1805 2253 1846 sane
2287 1769 2584 1862 j000⁶ista
2617 1788 2771 1856 dieo,

678 1863 781 1921 sed
806 1881 938 1925 vere
963 1864 1193 1924 affirmo
1214 1865 1384 1923 illum
1407 1865 1624 1924 adesse.

759 1942 883 2002 ΕΒ.
925 1943 1044 2003 Hei
1067 1944 1213 2003 mihi
1240 1943 1499 2002 miserae!
1546 1943 1629 2001 Et
1651 1961 1908 2024 quonam
1943 1965 2018 2008 ex
2042 1946 2281 2007 homine
2305 1944 2585 2005 nuntium
2608 1945 2770 2006 hune

678 2022 936 2088 audiisti,
961 2020 1132 2096 cuius
1156 2022 1293 2081 fidei
1315 2032 1439 2081 tam
1464 2024 1634 2082 facile
1655 2025 1876 2084 credis?

526 2110 646 2168 885
757 2101 1049 2161 CHRYS.
1093 2101 1383 2180 Eqmdem
1406 2121 1480 2161 ex
1505 2121 1604 2162 me
1626 2104 1770 2182 ipsa,
1797 2108 1922 2164 non
1945 2123 2019 2163 ex
2042 2104 2179 2212 alio,
2203 2111 2366 2163 certa
2387 2102 2558 2180 signa
2581 2121 2772 2182 quum

676 2181 942 2248 viderim,
970 2182 1109 2240 huic
1132 2183 1217 2240 rei
1250 2182 1438 2239 habeo
1460 2181 1660 2242 fidem.

755 2261 883 2320 EL.
922 2260 1257 2324 Quodnam,
1309 2262 1540 2328 misera,
1591 2264 1921 2339 conspieata
1975 2269 2414 2339 argumentum,
2465 2261 2768 2338 quidnam,

677 2358 894 2419 quaeso,
919 2341 1136 2399 intuita
1159 2340 1447 2397 incaluisti
1472 2350 1595 2399 tam
1618 2342 1890 2419 flagranti
1914 2349 2093 2419 atque
2117 2340 2423 2399 insanabili
2445 2340 2699 2400 laetitia?

509 2428 647 2517 ‘890
754 2418 1045 2479 CHRYS.
1086 2420 1199 2478 Per
1220 2418 1380 2495 Deos
1405 2438 1551 2499 ergo
1569 2422 1726 2490 audi,
1746 2432 1835 2486 ut,
1861 2438 1924 2480 re
1950 2420 2207 2500 cognita,
2222 2417 2434 2479 deinde
2452 2419 2544 2479 vel
2561 2437 2779 2501 sapere
2857 2486 2869 2513 x

672 2517 791 2581 me,
820 2501 910 2558 vel
934 2499 1196 2575 desipere
1218 2498 1392 2557 dieas.
1437 2556 1442 2561 .

750 2578 879 2639 EL
922 2579 1070 2636 Fare
1094 2595 1260 2655 ergn,
1284 2577 1572 2654 siquidem
1596 2576 1656 2635 id
1682 2579 1789 2636 tibi
1815 2579 2023 2655 volupe
2049 2585 2154 2638 est.

747 2657 1039 2715 CHRYS.
1065 2658 1147 2714 At
1147 2672 1264 2733 que
1281 2657 1504 2735 aedepol
1525 2658 1629 2715 tibi
1649 2659 1849 2717 omnia
1863 2659 2051 2716 dicam
2070 2675 2429 2735 quaeeunque
2442 2656 2580 2716 vidi.
2605 2658 2768 2718 Nam

518 2747 636 2805 395
667 2737 842 2795 simul
867 2754 936 2794 ac
963 2736 1091 2794 veni
1113 2736 1291 2812 patris
1311 2736 1385 2793 ad
1412 2746 1575 2793 vetus
1593 2735 1852 2805 bustum,
1871 2740 2171 2813 conspicor
2188 2737 2422 2795 tumulo
2440 2755 2511 2794 ex
2531 2752 2769 2797 summo

668 2832 870 2875 recens
897 2815 1055 2872 fusos
1080 2815 1245 2872 lactis
1268 2814 1487 2882 latices,
1519 2826 1580 2873 et
1619 2829 1894 2874 ornatum
1937 2817 2194 2892 undique
2222 2816 2555 2890 sepulcrum
2585 2818 2772 2912 patris

668 2896 834 2954 omni
865 2895 1078 2954 florum
1112 2911 1365 2988 genere.
1410 2912 1484 2971 qu
1471 2893 1565 2953 od
1593 2915 1776 2973 quum
1803 2896 1991 2961 video,
2018 2895 2313 2953 admirans
2338 2895 2768 2970 circumspicio,

509 3014 638 3119 500
669 2974 908 3112 333¹.ss
929 2974 2769 3128 ἷιῖιιῗὲὲἑέοἱῖἰῖᾎὲἰῖἱΐῗωὲξῗῗὲορῶζῖἕίζᾙὲἒῗὲἶῖἓέἕ

664 3133 971 3225 conspicor
991 3151 1189 3190 recens
1207 3132 1462 3189 desectas
1480 3150 1704 3202 comas;
1736 3133 2024 3209 simulque
2039 3143 2105 3189 ut
2125 3131 2361 3224 adspexi
2378 3133 2607 3199 misem,
2628 3151 2767 3208 per-

664 3212 807 3269 culit
845 3213 1111 3269 animum
1151 3212 1307 3268 illico
1330 3211 1630 3268 familiaris
1667 3211 1860 3277 faciem
1888 3222 2167 3289 tanquam
2206 3210 2255 3266 si
2297 3210 2607 3269 hominum
2633 3229 2767 3271 om·

511 3300 630 3354 905
664 3291 830 3348 nium
856 3291 1137 3349 carissimi
1150 3290 1379 3348 Orestae
1397 3290 1510 3346 hoc
1531 3288 1785 3347 viderem
1810 3291 2123 3347 indicium.
2154 3299 2215 3346 et
2240 3289 2508 3347 manibus
2529 3291 2766 3361 tollens,

660 3386 863 3427 vocem
889 3369 1129 3447 quidem
1152 3370 1489 3445 compressi,
1516 3368 1779 3443 lacrymis
1805 3377 2005 3427 autem
2034 3387 2155 3444 prae
2176 3368 2400 3445 gaudio
2424 3369 2611 3445 rig-mi
2628 3387 2767 3430 nra.

659 3447 953 3526 Nuncque
990 3450 1066 3504 ιιι
1098 3447 1255 3524 prius
1295 3447 1538 3522 perinde
1577 3449 1724 3505 mihi
1761 3457 2131 3523 compertum
2171 3456 2259 3506 est
2298 3467 2336 3506 a
2374 3449 2613 3507 nemine
2637 3449 2768 3508 haec

658 3543 909 3585 munera
932 3544 1108 3604 quarn
1131 3525 1206 3583 ab
1224 3526 1329 3582 illo
1347 3525 1546 3584 oblata
1568 3544 1725 3583 esse·
1756 3527 1853 3583 cui
1880 3527 2038 3585 enim
2056 3528 2170 3584 hoc
2195 3533 2588 3604 praeterquam

508 3613 631 3672 910
658 3606 751 3664 vel
773 3605 881 3663 tibi
905 3605 1211 3663 convenit?
1254 3606 1417 3682 atqui
1443 3622 1566 3662 non
1592 3607 1845 3698 tuliego
1863 3607 1965 3664 has
1992 3606 2263 3675 inferias3
2292 3605 2432 3663 satis
2458 3607 2571 3664 hoc
2594 3624 2628 3664 c

656 3684 811 3756 scio·
855 3701 1046 3761 neque
1077 3683 1227 3741 adeo
1268 3693 1370 3761 tu.
1416 3684 1518 3761 qui
1555 3683 1715 3742 enim
1754 3685 2079 3760 potuisses?
2118 3685 2213 3741 cui
2243 3683 2482 3763 quidem
2509 3685 2602 3763 vel
2626 3685 2764 3746 Dii·

655 3726 1047 3839 supplicatum
1072 3763 1231 3827 exite
1266 3781 1341 3820 ex
1383 3763 1492 3820 hac
1529 3762 1711 3820 domo
1754 3781 1878 3820 non
1912 3764 2050 3821 licet
2087 3754 2555 3839 im1mne.Sed
2566 3780 2766 3845 neque

533 3890 552 3907 .
657 3842 835 3900 matri
872 3842 1015 3900 talia
1049 3842 1239 3900 facere
1279 3843 1343 3899 in
1381 3849 1645 3899 mentem
1684 3844 1887 3900 ¹venire
1911 3843 2080 3909 solet,
2122 3859 2250 3906 nec,
2274 3841 2327 3900 si
2362 3840 2614 3912 fecisset,
2643 3845 2764 3905 hoc

495 3927 623 3993 915
655 3936 765 3979 nos
788 3921 1040 3999 fugeret
1098 3920 1324 3979 Verum
1343 3927 1484 3978 sunt
1506 3920 1736 3980 orestae
1762 3923 1823 3980 Ιιί
1856 3920 2260 3997 proculdubio
2283 3920 2554 3982 honores.
2605 3922 2761 4001 Age,

654 4001 694 4058 ὀ
718 4017 871 4068 cara,
896 3999 1159 4059 confide·
1192 4018 1314 4057 non
1338 4017 1478 4057 sane
1503 3999 1710 4058 eadem
1732 4017 1966 4076 semper
1990 3999 2171 4059 iidem
2197 3998 2437 4058 fortuna
2459 4009 2755 4063 utuntur·

653 4078 825 4137 nobis
849 4079 1086 4156 quidem
1110 4088 1285 4138 antea
1310 4078 1550 4138 adversa
1580 4088 1746 4142 erat·
1790 4078 1894 4138 sed
1916 4079 2072 4138 forte
2096 4078 2223 4137 haec
2259 4078 2384 4138 dies
2424 4079 2771 4201 ιιιιιῑιοιιιιι,

654 4159 767 4218 erit
793 4157 1086 4217 bonorum
1109 4159 1448 4234 auspicium.

500 4241 624 4300 920
730 4236 858 4296 EL.
896 4238 955 4295 Ο
977 4237 1361 4299 dementiam!
1406 4244 1477 4295 ut
1499 4255 1599 4296 me
1617 4231 1744 4311 jam
1773 4236 2000 4314 pridem
2025 4236 2264 4295 miseret
2286 4234 2411 4296 tui!

731 4315 1024 4376 CHRYS.
1064 4316 1224 4380 Quid
1246 4318 1374 4373 est?
1418 4334 1496 4373 an
1522 4334 1654 4394 quae
1679 4315 1813 4374 dico
1838 4332 1961 4375 non
1983 4326 2155 4411 grata
2177 4324 2319 4377 sunt
2343 4315 2492 4374 tibi?

729 4394 856 4458 EL.
895 4395 1101 4469 Nescis
1120 4413 1240 4476 quo
1264 4403 1580 4466 terrarum,
1605 4412 1715 4454 nec
1739 4411 1859 4476 quo
1881 4395 2313 4476 cogitationum
2332 4394 2546 4456 ferare.
2646 4424 2661 4449 ι

2972 2456 2978 2579 3
