3017 4900
754 243 915 322 ιιι.
1268 325 1273 328 ,
1479 187 1858 315 ‘OEanUS
1904 187 2129 314 Rex.

523 493 533 501 ‚
642 467 645 472 -
749 419 977 490 meatus
1021 424 1072 482 si
1101 421 1335 499 possent
1373 417 1616 490 obstrui,
1644 440 1763 480 non
1803 429 2211 497 temperassem
2243 420 2326 478 sic
2350 420 2529 479 etiam
2553 411 2832 479 obturare

654 513 658 518 ’
749 505 1025 566 miserum
1051 518 1245 562 meum
1272 515 1497 594 corpus,
1524 510 1592 558 ut
1614 519 1800 560 meus
1825 500 2003 558 simul
2022 507 2086 564 et
2115 499 2328 558 surdus
2352 515 2570 557 essem.
2614 502 2838 620 quippe

578 583 734 644 1890
748 599 923 642 sensu
940 597 1136 639 carere
1158 577 1325 637 dulce
1343 587 1429 636 est
1446 573 1510 636 in
1528 579 1713 639 malis.
1753 577 1822 638 Io
1835 580 2154 641 Cithoeron‚
2173 589 2352 654 quare
2372 594 2468 636 me
2485 577 2826 654 suscepisti.

748 677 855 717 cur
879 676 998 716 non
1023 668 1322 734 acceptum
1357 658 1555 718 statim
1597 674 1694 717 me
1738 656 2049 733 peremisti,
2074 663 2143 715 ut
2167 672 2468 733 nunquam
2494 657 2834 715 hominibus

749 739 940 815 palam
963 736 1212 795 facerem
1237 734 1397 810 unde
1423 745 1595 796 natus
1618 737 1841 794 essem?
1883 733 1940 793 O
1965 735 2106 811 Poly
2108 736 2178 794 be
2216 741 2279 794 et
2312 735 2616 800 Corinthe‚
2641 745 2699 792 et
2719 754 2838 814 pa«

576 819 729 879 1⁸95
750 827 936 882 terna,
962 825 1029 872 ut
1053 813 1200 873 dicta
1229 832 1310 879 es,
1339 815 1578 891 antiqua
1602 813 1829 882 domus,
1855 754 2106 891 qualemy
2109 831 2204 872 me
2227 775 2673 889 pulchritudinis
2694 820 2832 889 spe-

747 895 919 962 ciem,
942 891 1235 952 malorum
1260 891 1572 960 obductam
1597 891 1796 960 ulceri,
1822 890 2173 950 enutriisu's!
2213 909 2378 954 nunc
2409 892 2569 950 enim
2604 898 2667 948 et
2703 894 2830 969 ipse

747 973 953 1038 malus,
979 978 1039 1029 et
1064 990 1138 1030 ex
1161 971 1327 1032 malis
1352 977 1524 1028 natus
1548 969 1970 1048 deprehendor.
2014 969 2071 1027 O
2098 970 2356 1037 trivium,
2381 976 2445 1027 et
2467 969 2669 1028 abdita
2689 988 2834 1028 con-

577 1049 934 1117 Romanis,
958 1051 1286 1128 saltusquef
1295 1055 1356 1107 et
1379 1050 1667 1140 angustiae
1704 1052 1769 1107 in
1806 1049 1987 1107 trium
2019 1049 2242 1106 viarum
2266 1061 2438 1124 comp
2438 1049 2542 1112 ito,
2572 1066 2702 1128 quae
2725 1067 2829 1126 pa·

485 1142 492 1152 ·
747 1133 1007 1194 ternum
1022 1146 1221 1187 meum
1257 1130 1606 1204 sanguinem
1631 1128 1774 1185 meis
1797 1125 1978 1203 ipsius
2002 1145 2039 1185 a
2061 1127 2325 1186 manibus
2349 1126 2595 1194 bibistis,
2621 1128 2830 1206 ecquid

747 1208 866 1266 mei
890 1187 1232 1267 meministis
1248 1205 1460 1273 adhuc,
1481 1205 1652 1299 quale
1669 1204 1892 1274 faein'us
1916 1204 2068 1282 apud
2088 1222 2187 1262 vos
2205 1208 2503 1281 patrat-im,
2519 1206 2830 1283 qualiaque·

746 1284 977 1353 deinde,
1001 1294 1306 1362 postquam
1345 1283 1461 1342 huc
1497 1283 1651 1352 veni,
1674 1284 2066 1346 commiserim
2090 1285 2323 1341 rursus?
2303 1282 2423 1340 ³0
2447 1285 2693 1361 nuptie,
2720 1302 2831 1343 nu·-

514 1339 732 1450 1405
745 1364 906 1442 ptiae„
920 1363 1214 1440 genuistis
1233 1379 1361 1429 nos,
1380 1368 1441 1419 et
1459 1370 1762 1440 postquam
1780 1362 2082 1441 genuistis,
2101 1361 2401 1421 remisistis
2420 1362 2578 1426 idem
2604 1381 2824 1431 semen,

746 1450 811 1501 et
831 1444 898 1501 in
918 1443 1110 1502 lucem
1131 1440 1386 1500 edidistis
1426 1448 1637 1518 patres,
1675 1440 1902 1506 fratres,
1947 1440 2177 1505 liberos,
2222 1442 2569 1533 sanguinem
2608 1459 2824 1518 cogna-

747 1530 902 1588 tum,
925 1537 1181 1597 sponsas,
1204 1536 1436 1586 uxores,
1461 1529 1675 1593 matres
1712 1537 1804 1584 ue,
1832 1526 1893 1577 et
1916 1523 2200 1675 quotquot
2224 1520 2380 1577 inter
2408 1518 2677 1590 homines
2703 1530 2826 1579 tur·

748 1600 980 1675 pissima
1001 1606 1310 1655 censentur
1331 1596 1569 1674 flagitia.
1723 1613 2031 1677 ,qttanoq
2074 1597 2227 1655 idem
2248 1597 2408 1675 loqui
2433 1585 2593 1656 haud
2609 1599 2698 1656 fas
2716 1607 2828 1666 est,

572 1682 735 1744 1410
751 1696 879 1755 quse
903 1677 1060 1735 factu
1084 1678 1281 1753 turpia
1302 1684 1460 1741 sunt,
1479 1692 1585 1751 per
1606 1674 1765 1736 Deos
1789 1675 2049 1741 obsecro,
2075 1694 2247 1753 quam
2274 1676 2573 1740 celerrime
2598 1695 2696 1734 me
2721 1677 2828 1736 ali-

746 1755 882 1813 cubi
905 1761 1070 1814 extra
1091 1755 1294 1814 urbem
1322 1754 1626 1821 occultate,
1650 1754 1742 1812 vel
1766 1753 2030 1820 occidite,
2056 1754 2190 1811 vel·
2173 1771 2238 1812 ιιι
2263 1772 2423 1813 mare
2446 1751 2698 1827 abjicite,
2725 1751 2830 1815 ubi

748 1850 873 1904 non
896 1834 1142 1909 amplius
1166 1850 1261 1890 me
1284 1830 1540 1892 videatis.
1619 1829 1731 1902 Ite,
1771 1834 2050 1894 miserum
2090 1834 2278 1891 virum
2314 1851 2389 1891 ne
2426 1832 2838 1909 dedignemim

747 1907 943 1984 manu
953 1912 1327 1988 contingere,
1369 1909 1786 1987 obtemperate,
1826 1927 1902 1969 ne
1936 1910 2259 1969 formidetis
2276 1934 2292 1967 ε
2336 1929 2467 1972 mea
2489 1914 2651 1974 enim
2673 1915 2832 1974 mala

576 1961 733 2054 lus
751 1990 947 2049 'nullus
970 1990 1120 2047 valet
1145 1997 1355 2066 proeter
1378 2006 1472 2047 me
1497 1989 1651 2047 ferre
1677 1989 2031 2049 mortalium.

804 2066 957 2127 ΟΗ.
997 2067 1075 2127 At
1097 2084 1299 2127 eccum
1343 2066 1417 2126 ad
1459 2084 1531 2126 ea
1575 2084 1705 2148 quae
1746 2069 1893 2145 petis
1935 2068 2306 2128 commodum
2343 2068 2575 2126 advenit
2608 2070 2827 2139 Creon,

749 2164 924 2224 penes
950 2164 1121 2236 quem
1147 2154 1234 2204 est
1259 2154 1318 2204 et
1341 2145 1531 2204 facere
1555 2156 1615 2204 et
1640 2149 1959 2213 consulere,
1985 2147 2271 2227 siquidem
2294 2146 2450 2206 solus
2474 2146 2708 2206 relictus
2737 2160 2829 2209 est

749 2227 839 2285 tui
861 2225 992 2283 loco
1016 2221 1192 2297 hujus
1212 2225 1376 2283 urbis
1398 2230 1609 2284 custos.

541 2324 559 2339 *
578 2304 738 2369 1490
826 2304 1012 2364 ΟΕΙ).
1053 2303 1171 2362 Hei
1190 2299 1360 2361 mihi!
1392 2319 1644 2380 quonam
1660 2319 1927 2362 sermone
1944 2321 2081 2361 eum
2081 2303 2491 2398 compellabo.
2477 2305 2498 2347 ²
2528 2323 2657 2381 quae
2673 2307 2828 2365 mihi

602 2441 611 2465 ⁸
746 2382 904 2460 apud
929 2400 1065 2440 eum
1080 2377 1300 2439 merito
1324 2380 1465 2439 fides
1491 2399 1614 2440 esse
1638 2381 1837 2459 possit,
1864 2381 1963 2461 qui
2007 2384 2167 2460 prius
2198 2384 2263 2441 in
2302 2401 2441 2442 eum
2469 2384 2830 2444 omnimodis

650 2461 655 2467 ’
745 2470 1006 2538 repertus
1031 2479 1163 2521 sum
1188 2456 1478 2532 injurius?

825 2540 951 2598 ΟΒ.
989 2538 1131 2596 Νοιι
1147 2545 1219 2595 ut
1242 2536 1483 2606 derisor,
1503 2534 1740 2614 OEdipe,
1762 2537 1914 2606 veni,
1934 2555 2042 2597 nec
2061 2550 2127 2596 ut
2135 2537 2461 2618 quidquam
2486 2540 2593 2599 tibi
2611 2558 2824 2618 expro-

745 2615 911 2674 brem
936 2618 1199 2692 priorum
1224 2622 1460 2675 tuarum
1483 2616 1898 2675 calamitatum.
1941 2617 2056 2675 Sed
2079 2619 2127 2676 si
2152 2620 2487 2679 mortalium
2512 2637 2633 2687 nqn
2657 2639 2825 2680 reve-

550 2697 733 2767 4425
747 2696 958 2759 remini
976 2712 1184 2788 genus,
1208 2695 1416 2753 saltem
1455 2695 1713 2771 supremi
1755 2695 1901 2754 Solis
1935 2698 2197 2756 omnium
2235 2696 2497 2756 altricem
2513 2698 2824 2760 flammam

747 2773 1079 2840 vereamini,
1103 2791 1179 2830 ne
1202 2773 1319 2831 tale
1343 2774 1635 2849 piaculum
1677 2772 1758 2832 sic
1787 2783 2053 2851 apertum
2088 2775 2424 2842 exhibeatis,
2451 2775 2604 2853 quod
2630 2795 2823 2856 neque

745 2859 919 2916 terra,
948 2870 1055 2910 nec
1071 2852 1319 2910 coelestis
1342 2851 1548 2919 imber,
1575 2869 1762 2931 neque
1785 2854 1930 2911 lux
1912 2872 2036 2930 ipsa
2060 2855 2327 2930 perferet.
2386 2854 2499 2912 Sed
2525 2873 2699 2931 quam
2726 2864 2827 2913 ces

539 2926 545 2932 ’
577 2931 734 2990 1430
746 2929 981 2989 lerrime
1004 2930 1164 2989 hunc
1197 2934 1356 2990 intro
1389 2931 1674 2990 abducite.
1749 2933 2048 3009 Cognatos
2073 2933 2229 2990 enim
2253 2941 2640 3009 cognatorum
2664 2936 2828 2994 mala

744 3006 997 3069 maxime
1021 3009 1233 3075 videre,
1257 3011 1521 3088 solosque
1544 3009 1766 3078 audire,
1791 3010 1878 3069 fas
1901 3019 1962 3068 et
1986 3016 2221 3089 aequum
2245 3011 2560 3087 postulant.

824 3087 1010 3148 OED.
1050 3087 1164 3147 Per
1185 3089 1363 3154 Deos,
1385 3089 1849 3167 quandoquidem
1881 3106 2070 3148 meam
2106 3089 2179 3146 de
2203 3097 2263 3146 te
2287 3090 2623 3165 opinionem
2658 3088 2822 3149 fefel-

741 3163 881 3230 listi,
909 3166 1009 3246 qui
1032 3169 1120 3225 vir
1143 3169 1396 3260 optimus
1419 3169 1644 3224 veneris
1680 3166 1753 3229 ad
1785 3185 1879 3226 me
1911 3169 2099 3226 virum
2123 3167 2455 3244 pessimum,
2480 3167 2823 3246 obtempera
2917 3184 2930 3199 '

744 3246 930 3318 mihi·
971 3264 1007 3302 e
1030 3262 1095 3302 re
1120 3247 1281 3305 enim
1308 3251 1430 3311 tua,
1455 3261 1578 3302 non
1602 3265 1637 3304 e
1662 3263 1813 3313 mea,
1836 3246 2057 3323 loquar.

578 3324 731 3387 14³5
825 3324 950 3383 ΟΒ.
984 3323 1068 3382 Et
1104 3322 1378 3411 quidnam
1404 3330 1512 3388 est,
1540 3323 1696 3399 quod
1721 3341 1815 3381 me
1839 3334 1963 3382 tam
1986 3324 2155 3382 enixe
2180 3323 2366 3399 petis?

824 3401 1012 3461 OED.
1051 3398 1220 3473 Ejice
1245 3419 1349 3461 me
1365 3419 1439 3463 ex
1463 3401 1571 3458 hac
1595 3410 1770 3468 terra,
1796 3419 1970 3480 quam
1998 3404 2278 3471 ocissime,
2303 3410 2375 3461 ut
2395 3403 2505 3461 sim
2530 3402 2639 3463 ubi
2663 3421 2822 3466 mor·

747 3481 952 3542 talium
978 3483 1271 3539 neminem
1297 3480 1508 3572 possim
1534 3479 1766 3556 alloqui.

826 3559 951 3617 CR.
990 3559 1274 3619 Fecissem
1297 3558 1522 3635 utique,
1548 3575 1624 3615 ne
1663 3558 1900 3625 nescias,
1940 3557 2051 3617 nisi
2093 3558 2254 3634 prius
2285 3577 2322 3618 a
2357 3558 2492 3675 ⁸Deo
2515 3563 2821 3639 exquirere

745 3637 976 3702 vellem,
1003 3637 1144 3716 quid
1168 3637 1322 3694 facto
1346 3653 1493 3712 opus
1517 3636 1610 3694 sit.
1739 3691 1746 3699 ,

578 3717 736 3781 1440
826 3714 1015 3774 oED.
1055 3716 1136 3773 At
1159 3715 1312 3779 illius
1337 3715 1527 3773 omnis
1551 3720 1712 3790 patet
1725 3686 1924 3783 dictio,
1942 3731 2168 3791 nempe
2178 3668 2444 3794 oportere
2466 3717 2817 3792 parricidam

724 3793 1642 3948 ωῗὲρέἳῗὲἒιξὶξξιιῆιιεῗῖἓιοιε
1664 3876 1833 3929 sunt.
1862 3876 2143 3935 attamen,
2163 3877 2229 3928 ut
2247 3888 2495 3947 praesens
2514 3881 2602 3931 est
2618 3890 2822 3938 rerum

745 3957 951 4023 status,
975 3949 1183 4008 melius
1205 3957 1294 4007 est
1318 3965 1576 4026 querere
1602 3949 1740 4025 quid
1763 3950 1836 4006 sit
1861 3948 2208 4007 faciendum

825 4026 1014 4086 OED.
1052 4026 1221 4087 Itane
1243 4043 1387 4104 ergo
1409 4025 1483 4087 de
1508 4025 1724 4089 infelici
1748 4027 1984 4096 homine
2014 4025 2203 4085 Deum
2226 4026 2575 4086 consuletis?

529 4098 537 4114 ¹
577 4097 765 4189 1445ἱ
826 4104 950 4164 ΟΒ.
988 4102 1229 4163 Etenim
1252 4122 1502 4182 praesens
1527 4116 1632 4162 tua
1652 4089 1887 4163 fortuna
1909 4105 2084 4163 fidem
2107 4103 2241 4163 Deo
2263 4107 2568 4166 conciliare
2593 4112 2793 4203 pqssit.

720 4182 725 4187 ’
829 4182 1017 4242 ΟΕΙ).
1055 4180 1190 4242 Tibi
1227 4200 1367 4242 vero
1389 4182 1625 4250 mand0,
1664 4189 1838 4260 teque
1879 4183 2175 4247 adhortor,
2201 4194 2269 4244 ut
2312 4202 2444 4244 eam
2480 4205 2613 4264 quse
2655 4188 2821 4251 intua

740 4258 923 4347 jacet,
945 4267 1015 4322 ut
1038 4260 1147 4322 tibi
1167 4259 1480 4331 videbitur,
1508 4259 1739 4340 sepeliri
1774 4277 1976 4324 cures.
2019 4262 2131 4321 11oe
2154 4263 2313 4325 enim
2339 4269 2400 4324 te
2420 4266 2533 4327 tuis
2549 4265 2816 4332 officium
