3017 4900
680 307 833 424 ³08
1407 303 1791 373 OEDIPUS
1839 301 2066 389 REX.

2171 399 2231 430 ⁴

790 477 975 540 FAM.
1014 478 1173 545 Quid
1199 477 1285 539 rei
1307 486 1615 557 agentem
1601 480 1622 518 ²
1665 442 1904 556 ecquem
1929 434 2072 540 mihi
2097 475 2277 536 refers
2300 476 2534 537 virum!-

541 551 701 619 11³0
791 553 981 680 01:313.
1016 560 1283 626 Hune-ce,
1310 559 1409 636 qui
1432 558 1612 616 adoet.
1668 558 1789 616 A'ut
1812 556 2027 636 aliquid
2059 574 2193 616 cum
2218 574 2293 615 eo
2316 557 2581 618 habuisse
2617 575 2779 619 com·

517 655 559 668 -.
688 657 945 737 meren.

750 716 976 776 FAM.
1015 715 1157 775 Non
1182 716 1283 782 ita,
1300 726 1371 772 ut
1393 713 1588 773 subito
1611 713 1825 790 poesim
1853 714 2191 773 memoriter
2212 665 2420 773 dicere.

792 794 1045 855 NUNT.
1085 793 1290 872 Neque
1314 794 1425 851 hoc
1445 793 1661 851 mirum
1685 799 1793 860 est,
1820 792 1973 858 here.
2053 792 2166 849 Sed
2192 810 2321 869 quae
2345 792 2677 860 excidere,
2649 815 2782 870 Jam

717 876 773 933 ei
796 875 949 933 clare
983 874 1045 931 in
1085 873 1426 931 memoriam
1467 872 1758 929 reducam.
1838 871 1996 929 Nam
2033 872 2170 928 satie
2207 871 2325 928 scio
2364 871 2527 932 ill'um
2569 877 2777 933 memi-

550 955 701 1014 11³5
721 956 888 1021 nisse,
908 952 1138 1030 quando
1162 953 1224 1009 in
1251 951 1596 1008 Cithaeronis
1622 950 1780 1015 lociS,
1800 948 1901 1006 ubi
1925 949 2024 1007 ille
2041 948 2206 1018 duos,
2233 966 2346 1026 ego
2369 969 2553 1010 unum
2579 952 2794 1029 pasce:

719 1033 849 1090 bam
891 1043 1151 1109 gregem,
1185 1038 1553 1087 conversatus
1592 1036 1680 1085 est
1717 1043 1946 1085 mecum
1985 1036 2102 1086 tres
2140 1036 2294 1085 totos
2333 1046 2557 1087 menses
2582 1049 2617 1088 a
2644 1051 2777 1091 vere

716 1111 916 1169 adulto
964 1108 1038 1167 ad
1087 1108 1319 1167 Arcturi
1371 1123 1634 1168 occasum
1658 1130 1674 1175 3
1739 1106 1931 1163 hieme
1990 1114 2189 1164 autem
2232 1103 2361 1179 jam
2409 1109 2778 1178 imminente,

715 1207 908 1248 meam
931 1205 1043 1265 ego
1068 1189 1132 1244 in
1157 1203 1346 1244 caeam
1370 1202 1546 1259 pecus
1569 1184 1757 1260 coegi,
1785 1185 1877 1241 ille
1901 1193 2100 1241 autem
2132 1180 2260 1257 jam
2284 1186 2349 1244 in
2372 1186 2504 1246 Laii
2527 1190 2775 1249 stabula.

543 1266 703 1323 1140
719 1261 939 1345 Ecquid
965 1283 1169 1323 eorum
1195 1283 1327 1341 quae
1352 1264 1500 1327 dico,
1527 1265 1610 1320 sic
1632 1263 1854 1321 factum
1877 1272 1986 1328 est,
2010 1264 2205 1320 anne?

708 1371 715 1380 ·
792 1345 973 1404 FsM.
1016 1344 1168 1401 Vera
1191 1343 1351 1404 dicis,
1377 1343 1484 1399 etsi
1512 1361 1548 1399 a
1570 1343 1751 1417 longo
1775 1349 2060 1416 tempore.

791 1423 1043 1483 NUNT.
1081 1424 1231 1498 Age,
1274 1421 1367 1478 dic
1404 1416 1567 1492 jam.
1624 1419 2028 1482 meministine,
2057 1426 2118 1477 te
2154 1436 2401 1496 puerum
2443 1421 2592 1480 mihi
2634 1425 2790 1483 tuni>

697 1503 1020 1581 quemdam
1047 1501 1286 1564 dedisse,
1313 1517 1486 1576 quem
1512 1497 1817 1556 educerem
1841 1506 1908 1555 ut
1930 1498 2283 1574 peculiarem
2308 1501 2487 1559 mihi.
2473 1502 2494 1542 >

790 1581 973 1639 FAM.
1014 1579 1170 1643 Quid
1197 1580 1320 1634 est?
1365 1578 1742 1654 quamobrem
1767 1585 1835 1633 tu
1853 1577 2007 1634 istuc
2030 1577 2309 1653 inquiris?

458 1673 466 1678 ·
526 1659 696 1714 ‘1145
791 1658 1043 1718 NUNT.
1086 1655 1243 1714 Hic
1227 1676 1348 1733 lpse
1372 1666 1480 1721 est,
1505 1657 1708 1719 amice,
1737 1656 1841 1731 qui
1865 1662 2008 1712 tunc
2032 1662 2159 1712 erat
2183 1669 2350 1731 puer.

512 1743 527 1756 '
788 1737 974 1795 ΒΑΜ.
1013 1736 1086 1794 1
1068 1754 1132 1793 ιιι
1157 1737 1370 1793 malam
1389 1752 1640 1792 erucem·
1720 1733 1881 1795 Quin
1907 1735 2102 1791 taces?
2517 1763 2522 1768 ·

788 1815 977 1874 OED.
1016 1815 1129 1880 Ah,
1157 1816 1345 1872 virum
1386 1815 1545 1871 hunc
1585 1829 1661 1869 ne
1696 1812 1939 1888 castiga,
1969 1829 2185 1871 senex.
2227 1819 2331 1871 tua
2365 1813 2528 1873 enim
2563 1816 2775 1934 magis,

570 1955 580 1964 ‚
626 1922 632 1930 ·
705 1912 885 1974 quam
909 1894 1079 1959 illiue,
1104 1892 1260 1951 dicta
1294 1893 1640 1968 castigatore
1663 1898 1857 1968 egent.

786 1971 974 2031 EAM.
1017 1972 1178 2035 Quid
1202 1988 1356 2035 vero,
1382 1972 1601 2047 optime
1626 1971 1786 2033 here,
1810 1969 2074 2043 peccavi.
2059 1969 2083 2010 ²
2355 1993 2368 2005 ι

538 2041 695 2106 ‘1150
786 2050 976 2120 OED.
1017 2050 1175 2112 Quia
1198 2051 1270 2107 de
1300 2067 1488 2125 puero
1515 2048 1664 2105 nihil
1684 2046 1922 2113 indicas,
1948 2064 2125 2125 quem
2147 2046 2248 2105 ille
2273 2047 2534 2125 inquirit.

754 2111 973 2189 FAM.
1016 2128 1218 2186 Nescit
1242 2128 1400 2185 enim
1423 2127 1588 2205 quod
1581 2127 1768 2193 dicit,
1793 2134 1855 2183 et
1879 2135 2098 2183 temere
2124 2127 2234 2183 iata
2255 2138 2468 2185 movet.

783 2208 972 2269 OED.
1009 2207 1104 2266 Tu
1143 2208 1298 2265 bona
1333 2224 1466 2265 cum
1502 2207 1694 2302 gratia
1734 2222 1855 2263 non
1893 2204 2064 2272 dices,
2099 2204 2200 2262 sed
2241 2205 2398 2263 malo
2424 2205 2628 2264 hercle
2662 2214 2780 2308 tuo

697 2288 970 2425 fficsssAM.
1009 2365 1125 2431 Ne,
1149 2381 1256 2440 per
1273 2361 1435 2420 Deos
1461 2360 1717 2428 obsecro,
1740 2378 1940 2419 senem
1967 2379 2062 2419 me
2086 2361 2404 2420 verberato.

540 2460 561 2472 “¹
781 2445 969 2505 OED.
968 2431 1150 2529 Non
1174 2442 1389 2521 aliquis·
1400 2442 1560 2500 ocius
1585 2449 1831 2500 retortas
1854 2447 2025 2517 tergo
2049 2459 2254 2500 manus
2279 2437 2456 2515 hujus
2479 2441 2685 2527 ligabit
2707 2445 2732 2500 ἒ

517 2521 687 2577 ‹1155
776 2522 969 2585 ΒΑΜ.
968 2500 1223 2581 Infelix
1245 2537 1396 2597 ego
1381 2518 1395 2559 ⁸
1439 2519 1543 2578 sed
1568 2534 1781 2597 qmre.
1768 2521 1789 2561 ²
1829 2519 1977 2596 quid
1994 2536 2162 2578 nosse
2186 2522 2313 2579 vis?

781 2602 970 2660 ΟΕῙ).
1009 2599 1345 2659 Puerumne
1371 2599 1509 2658 huic
1533 2597 1762 2660 dedisti,
1785 2596 1862 2692 de
1886 2616 2005 2676 quo
2026 2599 2127 2656 ille
2149 2599 2396 2678 inquirit
2411 2600 2440 2656 ἓ

778 2674 972 2740 ΒΑΜ.
1009 2678 1183 2737 Dedi.
1265 2675 1508 2736 Utinam
1534 2693 1671 2734 vero
1693 2677 1992 2771 periissem
2018 2679 2166 2735 hac
2151 2694 2274 2753 ipsa
2293 2678 2433 2735 die.
2417 2680 2464 2725 θ

668 2772 675 2779 ·
710 2802 717 2807 »
781 2759 973 2821 ΟΕΙ).
1009 2759 1093 2816 At
1115 2773 1189 2814 eo
1217 2773 1311 2814 ree
1335 2753 1444 2813 tibi
1466 2755 1698 2822 redibit,
1726 2756 1836 2812 nisi
1861 2773 2060 2815 verum
2083 2756 2312 2815 dixeris.

781 2838 971 2896 ΒΑΜ.
1012 2836 1210 2896 Multo
1235 2835 1415 2895 etiam
1439 2835 1658 2912 magias
1672 2833 1723 2892 si
1743 2834 1968 2901 dixero,
1993 2836 2216 2911 peribo.

527 2900 688 2988 ,1160
777 2915 968 2974 ΟΕΙ).
1009 2914 1115 2972 Vir
1138 2915 1253 2980 hic,
1279 2924 1347 2971 ut
1372 2913 1621 2979 videtur,
1646 2929 1837 2970 moras
1862 2914 2090 2989 quaerit.

778 2994 965 3054 EAM.
1006 2991 1184 3051 Haud
1207 3011 1346 3051 sane
1370 3009 1516 3068 ego·
1519 3005 1701 3055 nam
1716 2990 1946 3050 dudum
1971 2992 2092 3049 dixi
2113 3010 2213 3049 me
2231 2991 2476 3049 dedisse.

777 3073 965 3133 ΟΕΙ).
1008 3072 1181 3131 Unde
1205 3073 1553 3146 acceptum?
1594 3078 1862 3135 tuumne,
1883 3088 1960 3128 an
1980 3067 2231 3144 cujusvis
2254 3070 2440 3128 alius.
2425 3073 2447 3113 Ρ
2787 3092 2792 3102 ·

712 3190 717 3193 ⁴
775 3153 965 3211 ΒΑΜ.
1009 3151 1191 3209 Haud
1215 3149 1482 3227 equidem
1512 3166 1711 3207 meum
1733 3148 1910 3207 dedi=
1950 3149 2052 3206 sed
2075 3168 2112 3207 a
2135 3149 2387 3226 quodam
2411 3165 2775 3228 aecepemm,

508 3275 525 3285 .
777 3230 964 3289 OED.
1003 3230 1278 3291 Quonam
1300 3228 1374 3284 ab
1396 3230 1520 3286 cive
1545 3224 1724 3303 hunus
1747 3226 1928 3294 urbie,¹
1952 3236 2012 3285 et
2036 3245 2073 3285 a
2097 3244 2212 3304 qua
2234 3228 2449 3289 domo?

532 3301 682 3361 1165
765 3309 962 3371 EAM.
1000 3306 1116 3375 Ne,
1142 3322 1249 3383 per
1269 3305 1452 3374 Deos,
1480 3324 1576 3372 ne,
1605 3308 1764 3372 here,
1788 3305 1958 3381 plura
1979 3307 2289 3364 sciscitare.

776 3386 964 3449 OED.
1005 3385 1254 3451 Periisti,
1280 3387 1329 3441 si
1354 3385 1477 3442 haec
1502 3385 1716 3442 iterum
1738 3391 1801 3441 te
1822 3385 2068 3461 rog-abu.

734 3465 963 3527 FAM.
1002 3463 1169 3541 Ergo
1193 3462 1430 3542 quidam
1452 3470 1581 3521 erat
1605 3480 1678 3521 ex
1700 3461 1922 3521 familia
1946 3462 2099 3521 Laii.

775 3543 965 3603 OED.
1007 3543 1173 3602 Num
1199 3560 1416 3609 servus,
1439 3550 1543 3600 aut
1567 3542 1694 3619 quis
1718 3549 1843 3599 erat
1868 3560 1942 3600 ex
1967 3542 2120 3599 illius
2144 3557 2359 3618 genere
2384 3542 2407 3598 ἒ
2792 3580 2799 3587 .

774 3620 961 3682 FAM.
988 3620 1106 3679 Vae
1150 3621 1334 3680 mihi!
1388 3616 1536 3693 jam
1556 3636 1629 3676 eo
1672 3636 1765 3677 ree
1798 3619 1995 3687 rediit,
2032 3628 2103 3678 ut
2137 3620 2499 3679 horrendum
2535 3618 2775 3690 malum

694 3704 843 3762 mihi
867 3699 1172 3763 dicendum
1199 3701 1292 3757 sit.

468 3833 473 3837 .
527 3771 729 3837 1170
773 3780 961 3838 OED.
1003 3777 1085 3835 Et
1109 3778 1256 3836 mihi
1280 3747 1669 3835 audiendum.
1711 3782 1973 3833 attamen
1996 3776 2197 3834 audire
2220 3783 2447 3838 eertum
2471 3786 2580 3837 est·

772 3858 957 3917 ΒΑΜ.
999 3854 1160 3915 Illius
1184 3854 1420 3947 quidem
1458 3855 1722 3931 profecto
1745 3855 1901 3912 filius
1938 3853 2240 3913 dicebatur
2263 3874 2425 3916 essex
2467 3875 2596 3939 qun
2622 3874 2798 3920 ven-

693 3939 855 4000 domi
878 3947 966 3996 est
990 3945 1096 3994 tua
1119 3952 1270 3994 uxor
1288 3934 1513 4027 optime
1536 3932 1767 4001 dixerit,
1791 3941 1861 3991 ut
1883 3950 1947 3990 se
1968 3933 2092 3992 baec
2114 3934 2386 4002 habeant.

722 4016 959 4074 ΟΕΙ).
998 4017 1092 4073 Αιι
1116 4023 1261 4089 ergo
1278 4014 1408 4087 ipsa
1432 4011 1540 4069 tibi
1559 4028 1814 4087 puerum
1839 4011 2112 4072 tradidit.
2095 4012 2142 4054 λ

769 4094 958 4156 FAM.
999 4090 1245 4157 Scilicet,
1272 4091 1310 4148 ὀ
1333 4106 1455 4147 rex.

769 4172 957 4231 om).
996 4171 1129 4234 Qua
1149 4169 1421 4249 gratia?
1562 4218 1568 4227 .

769 4250 957 4311 FAM.
999 4249 1084 4306 Ut
1105 4265 1243 4307 eum
1270 4246 1673 4307 interficerem.

520 4320 677 4403 &2175
771 4329 958 4404 ΘΕΩ.
995 4325 1220 4446 ςΙιιεαιιιι.
1249 4338 1381 4411 quet.
1400 4333 1727 4409 pepererat,
1751 4325 1997 4387 amem
2067 4370 2071 4381 .
